2666 4469
130 2958 134 2962 .
220 2892 369 2963 dem
437 2893 646 2964 torsus
668 2891 859 2963 redit.

420 252 552 311 ET
632 251 1173 316 -DrsTR113,
1274 252 1989 318 GLOB.0R.VM.
2151 271 2191 331 7

222 368 374 421 tuor
409 349 637 422 mundi
672 348 954 445 angulos
979 393 1005 437 ,π
1047 351 1397 437 Meridietn
1456 375 1689 445 nempe
1713 404 1731 436 ‚
1785 352 2189 448 Septentrio-

226 469 372 515 nem
397 498 415 530 ,
465 447 804 515 Orientem
831 497 851 529 ‚
909 449 982 514 δε
1007 442 1485 515 Occidentem:
1540 449 1615 519 &
1641 445 1872 520 horum
1914 442 2190 540 q'uilibet

224 537 457 610 rursum
479 537 712 612 divisus
731 535 820 608 est
846 541 910 607 in
931 564 1020 626 90
1063 559 1278 634 partes
1322 538 1596 633 aequales
1620 592 1641 622 ‚
1689 560 1760 609 ut
1781 542 1868 608 ita
1908 560 2048 610 tota
2066 545 2190 609 cir-

224 631 635 723 cumferentia
680 632 705 722 (
733 635 1025 701 omnium
1051 632 1440 703 circulorum
1471 632 1709 726 instar)
1761 634 2189 729 comprehen-

223 726 334 796 dat
379 735 508 820 360
549 726 805 822 gradus.
890 727 1133 821 Singuli
1173 748 1386 809 autem
1435 726 1669 821 gradus
1713 731 2050 798 continent
2094 736 2183 799 60

219 817 507 916 scrupula
534 821 734 914 prima
760 873 781 904 ‚
832 824 906 889 δε
928 846 1129 891 unum·
1162 818 1525 918 scrupulum
1556 824 1830 914 primum
1853 820 1956 892 seu
1982 827 2190 893 minu·

114 952 123 957 -
219 934 364 984 tum
386 921 473 983 60
496 911 1068 1008 scrupulasecunda
1094 968 1115 999 ‚
1142 939 1337 985 unum
1359 915 1700 985 secundum
1729 925 1817 986 60
1843 921 2030 987 tertia
2056 971 2075 1001 ,
2110 923 2185 993 &

219 1006 309 1078 fic
332 1032 534 1105 porro
554 1008 633 1079 ad
652 1012 1157 1104 quarta‚·quinta
1176 1062 1197 1095 ‚
1221 1006 1419 1094 sexta,
1445 1014 1517 1076 &
1540 1007 1868 1106 quousque
1885 1035 1961 1081 ea
1987 1010 2189 1083 subti-

220 1103 402 1174 litate
421 1102 510 1173 est
535 1126 725 1198 opus·

310 1199 505 1266 Extra
546 1199 818 1291 primam
839 1191 1357 1263 distributionem
1398 1197 1659 1263 nomina
1684 1200 2019 1265 Ventorum
2064 1197 2188 1267 du-

221 1288 416 1386 plicia
431 1286 780 1360 succedunt
804 1341 824 1371 ,
849 1291 1066 1383 primo
1091 1311 1320 1383 nempe
1343 1311 1611 1356 numero
1637 1287 1983 1357 duodecim
2004 1295 2188 1361 Grae-

219 1388 315 1454 cis
338 1383 701 1479 Latinisque
719 1381 878 1465 olim
915 1379 1253 1451 familiaria
1276 1414 1298 1465 3
1348 1382 1586 1451 deinde
1625 1386 1888 1479 triginta
1916 1388 1990 1451 &
2011 1384 2143 1453 duo
2165 1438 2187 1468 ‚

219 1492 427 1572 prout
441 1476 926 1561 hodiefaudiunt
966 1475 1137 1572 apud
1161 1489 1381 1546 nautas
1408 1529 1427 1561 ‚
1477 1480 1589 1571 qui
1615 1476 1877 1571 quidem
1903 1481 1966 1546 in
1995 1481 2190 1570 Pyxi-

217 1573 406 1642 dibus
429 1569 548 1643 suis
584 1575 853 1643 nauticis
879 1590 1142 1641 utuntur
1163 1571 1644 1641 nomenclatura
1670 1575 2057 1643 Germanica
2078 1594 2190 1644 aut

217 1668 332 1738 Bel
384 1671 502 1737 ica.
549 1694 568 1711 ·

288 1691 535 1832 &ersus
558 1763 944 1832 exteriorem
967 1757 1239 1830 limbum
1258 1812 1279 1844 ,
1317 1759 1554 1855 duplex
1575 1759 1845 1831 babetur
1866 1759 2179 1832 Calenda-

219 1860 386 1929 rium
406 1859 776 1930 Romanum
804 1909 825 1940 ‚
871 1853 1183 1927 Iulianum
1225 1878 1371 1923 nem
1419 1878 1457 1924 e
1484 1909 1505 1940 ‚
1548 1855 1730 1949 quod
1754 1854 1980 1948 stylum
2000 1878 2180 1927 vete-

218 1974 356 2021 rem
380 2001 402 2035 ,
453 1955 525 2020 δε
548 1954 1020 2044 Gregorianum
1061 1948 1244 2044 quod
1289 1947 1381 2043 sty
1410 1974 1515 2018 um
1561 1974 1803 2019 novum
1841 1944 2134 2020 observat
2162 2003 2184 2035 ‚

219 2048 260 2114 ὲ
286 2042 609 2115 Pontifice
630 2046 958 2138 Gregorio
993 2069 1072 2112 xr
1090 2069 1121 2111 1
1142 2070 1170 2111 1
1217 2042 1650 2135 emendatum.
1722 2048 1895 2113 Inter
1940 2063 2185 2127 utrum,-

221 2161 351 2233 que
382 2135 730 2208 duodecim
753 2156 973 2206 notata
993 2136 1130 2206 sunt
1152 2136 1619 2232 figna'Zodiaci
1640 2190 1661 2222 ,
1700 2160 1855 2206 cum
1879 2136 2186 2209 divifione

223 2240 301 2303 &
339 2231 808 2303 characteribus
846 2233 1149 2329 propriis.
1243 2231 1498 2314 Menses
1545 2231 2074 2304 Calendariorum
2119 2237 2185 2304 in

219 2333 433 2399 varios
474 2327 671 2397 divifi-
689 2325 831 2419 sunt
863 2326 999 2398 dies
1027 2381 1047 2413 ‚
1100 2324 1412 2489 adjunctis
1439 2330 1656 2421 primis
1703 2325 1939 2423 septem
1980 2330 2184 2402 literis

219 2421 565 2519 Alphabeti
588 2424 914 2507 Romani,
962 2425 1027 2491 in
1073 2422 1140 2489 di
1170 2424 1526 2491 cretionem
1553 2421 1802 2492 dierum
1825 2422 2184 2494 hebdoma-

172 2549 175 2558 2
221 2515 322 2586 dis
347 2540 470 2612 pro
493 2514 852 2592 diversitate
873 2514 1071 2586 literae
1088 2514 1547 2585 Dominicalis.
1867 2553 1870 2556 >
1909 2528 1956 2570 «ἐ

306 2616 386 2682 In
405 2609 779 2706 quibusdam
798 2609 1032 2681 Globis
1059 2663 1080 2696 ,
1127 2608 1477 2680 duodecim
1499 2610 1672 2706 figna
1694 2633 1842 2681 cum
1867 2609 2185 2682 Calenda-

221 2708 321 2776 rio
344 2708 710 2776 interiorem
733 2705 956 2776 circuli
975 2704 1467 2798 lignei‘limbum
1486 2725 1811 2799 occupant
1835 2736 1856 2787 3
1881 2710 2052 2774 venti
2072 2729 2189 2775 ex-

214 2804 566 2871 teriorem:
609 2822 833 2870 verum
853 2798 902 2867 fi
922 2795 1099 2868 usum
1141 2795 1491 2893 respicias,
1538 2820 1638 2866 res
1680 2801 1746 2865 in
1772 2797 2050 2891 utrisque
2071 2821 2190 2867 eo-

240 3021 245 3024 -
310 2993 384 3058 In
433 2987 617 3058 imbo
638 2991 897 3057 interno
919 2983 1061 3055 duae
1079 2982 1483 3080 reperiuntur
1503 3007 1708 3053 crenae
1730 3037 1751 3069 ,
1782 3006 1897 3080 per
1917 3007 2076 3079 quas
2095 2982 2190 3055 la-

221 3101 325 3151 tus
344 3082 690 3153 Meridiani
712 3084 776 3150 in
797 3080 1032 3177 gradus
1050 3076 1317 3150 divisum
1338 3132 1358 3164 ‚
1382 3075 1724 3150 secundum
1746 3079 2053 3151 direecam
2072 3082 2191 3150 Se-

272 3179 605 3247 tentrionis
627 3201 704 3246 ac
728 3175 1030 3248 Meridiei
1056 3171 1489 3246 extenfionem
1510 3228 1529 3258 ‚
1555 3174 1637 3244 ad
1658 3198 1799 3246 eam
1820 3171 2013 3271 usque
2032 3199 2185 3270 pro-

220 3200 599 3341 {nuditatem
623 3268 950 3341 descendit
973 3303 994 3356 3
1042 3289 1115 3338 ut
1135 3293 1253 3341 una
1279 3268 1625 3339 Meridiani
1650 3322 1672 3355 ‚
1697 3266 2031 3365 Globique
2052 3293 2192 3340 me-

222 3363 425 3434 dietas
450 3418 469 3448 ‚
493 3362 749 3461 praecise
770 3364 971 3436 exstet
989 3361 1174 3459 supra
1198 3362 1458 3458 planum
1479 3363 1676 3459 lignei
1698 3364 1922 3434 circuli
1945 3396 1966 3448 3
1990 3361 2189 3435 altera

222 3454 389 3527 infra
425 3457 575 3528 illud
597 3459 811 3532 lateat.
877 3459 990 3530 Illa
1036 3456 1226 3528 nobis
1269 3454 1777 3553 hemisphaerium
1818 3457 1958 3530 caeli
1979 3460 2189 3530 oculis
2223 3471 2228 3480 “

225 3547 639 3649 conspicuum
673 3579 741 3627 re
791 3551 1125 3670 rafii'entat,
1172 3551 1311 3623 haec
1346 3550 1846 3651 inconspicuum.
1929 3555 2191 3648 Dicitur

223 3667 439 3718 autem
458 3644 701 3809 lilgneus
722 3653 742 3719 i
767 3641 1114 3721 leci'i'culus
1163 3647 1424 3743 οᾉζων
1450 3706 1473 3738 ‚
1516 3647 1692 3745 quasi
1719 3654 2073 3719 ‘terminator
2091 3658 2191 3724 vi-

206 3745 315 3845 sus
332 3791 359 3833 ‚
382 3740 466 3812 ad
513 3741 1111 3838 1militudinem'veri
1131 3747 1515 3815 Horizontis
1538 3798 1559 3833 ,
1585 3745 1701 3841 qui
1721 3744 2037 3844 apparens
2054 3743 2210 3824 caeli„

223 3833 749 3935 haemisphaerium
773 3836 1069 3913 discernit
1093 3842 1128 3911 ὲ
1146 3838 1407 4002 latgnte.
1513 3867 1518 3873 ·
1807 3918 1814 3922 ,
2048 3906 2052 3912 ,
2116 3932 2149 4001 I

1327 3952 1380 4024 4
2150 3952 2193 4000 n
