2666 4469
376 214 597 276 PER
664 177 1165 278 TE'RRAM
1228 177 1981 278 IMMO'MLEM
2101 201 2210 293 73³

215 316 596 383 matutinam
613 334 684 404 4,
709 310 832 382 scr.
862 338 971 395 17,
1000 333 1124 405 pro
1160 333 1308 383 ortu
1333 310 1504 383 Solis
1523 369 1546 394 ,
1586 333 1696 382 aut
1734 309 1995 390 revolve
2029 309 2179 406 glo-

217 406 372 478 bum
401 406 614 476 donec
633 407 815 478 locus
841 404 1008 475 Solis
1032 425 1250 501 tangat
1272 405 1684 477 horizontem
1706 409 1774 476 in
1797 403 2171 490 occidente,

221 503 295 569 &
316 497 603 570 ostendet
646 499 842 569 index
864 498 1090 569 horam
1114 526 1180 583 7,
1204 496 1322 571 str.
1347 522 1433 597 43
1465 498 1608 596 post
1628 497 1963 571 meridiem
1988 550 2010 586 ,
2053 520 2177 592 pro

219 593 385 665 Solis
405 585 640 663 occasu·
658 593 738 662 ad
760 591 975 662 datam
997 591 1188 662 diem.
1220 613 1227 616 ⁴

306 688 651 780 Qoniam
689 686 1146 779 aequinoffialis
1208 689 1504 756 continet
1544 684 1779 783 gradus
1828 692 1959 781 360
1983 739 2003 772 ,
2052 685 2169 782 qui

220 770 461 875 semper
484 782 649 847 intra
672 778 844 847 diem
877 780 1220 850 naturalem
1261 804 1354 874 24
1394 779 1694 851 horarum
1734 778 2176 877 pertranseunt

217 872 639 943 meridianum
663 926 681 957 ,
725 896 952 965 nempe
974 877 1038 940 in
1060 872 1330 969 singulas
1353 875 1542 944 horas
1566 873 1798 969 gradus
1835 898 1917 968 15
1946 931 1968 959 ,
2010 879 2083 944 &
2107 875 2177 943 in

216 966 458 1062 fingula
477 966 722 1034 minuta
750 967 931 1035 unius
951 968 1182 1060 gradus
1199 966 1513 1060 quadrans
1532 998 1554 1049 3
1598 972 1663 1038 in
1685 971 1985 1039 omnibus
2010 991 2169 1065 pro-

218 1055 602 1131 blematibus
646 1058 783 1154 ejus
801 1058 1122 1128 beneficio
1145 1078 1397 1151 tempus
1420 1061 1646 1153 majori
1669 1085 1816 1130 cum
1835 1061 2175 1132 certitudi-

217 1177 301 1224 ne
326 1175 521 1246 quam
545 1173 656 1245 per
675 1152 956 1221 indicem
979 1151 1145 1244 cycli
1166 1153 1400 1219 horarii
1413 1156 1686 1221 inveniri
1709 1154 1914 1245 potest
1941 1206 1963 1238 ‚
2009 1156 2179 1226 hunc

217 1250 286 1316 in
309 1244 598 1316 modum.
652 1243 946 1339 Exempli
981 1242 1136 1314 loco
1161 1241 1434 1313 sumatur
1475 1244 1809 1340 problema
1850 1247 1984 1341 jam
2069 1270 2180 1315 ro-

221 1338 501 1435 pofitum
525 1338 604 1409 ad
628 1336 1074 1410 inveniendam
1110 1338 1339 1410 horam
1381 1360 1564 1410 ortus
1609 1343 1682 1408 δε
1723 1334 1986 1412 occasus
2057 1331 2180 1410 olis

219 1433 302 1503 ad
325 1434 492 1503 diem
524 1458 607 1529 30
631 1434 799 1503 Iulii.
1643 1443 1644 1446 ’
2093 1468 2101 1475 ·

248 1547 251 1550 ·
309 1532 560 1597 [ocum
584 1529 752 1600 Solis
775 1532 840 1598 in
865 1555 906 1610 7
927 1529 1130 1623 gradu
1155 1530 1396 1599 Leonis
1419 1527 1674 1624 applica
1714 1526 2039 1600 horizonti
2062 1549 2177 1598 or*-

218 1626 354 1692 tivo
377 1680 395 1704 ,
442 1626 514 1690 δε
559 1644 713 1692 nota
797 1622 1015 1693 tadum
1035 1621 1377 1717 aequatoris
1420 1627 1532 1720 qui
1571 1644 1858 1720 occupat
1881 1621 2188 1694 meridia-

215 1740 368 1786 num
396 1770 414 1801 ,
451 1645 852 1810 invenieifue
883 1743 960 1811 13
986 1717 1219 1813 gradus
1249 1770 1270 1801 ‚
1312 1722 1389 1789 &
1437 1743 1467 1812 3
1483 1743 1514 1814 3
1540 1717 1652 1789 scr.
1679 1723 1716 1789 a
1737 1720 2063 1815 principio
2081 1719 2183 1786 A-

216 1809 415 1880 rietis.
471 1809 627 1881 Inde
674 1809 979 1882 converte
1012 1810 1282 1906 globum
1301 1809 1514 1881 donec
1555 1813 1739 1886 locus
1761 1814 1930 1883 Solis
1950 1817 2056 1881 t'an
2109 1832 2176 1881 at

213 1902 634 1973 meridianum
658 1955 678 1985 ,
727 1908 799 1971 &
818 1906 965 1974 vide
996 1908 1139 1997 quis
1210 1903 1398 1973 radus
1422 1909 1765 1998 aequatoris
1799 1904 1976 1974 fimul
1998 1928 2081 1973 co
2104 1903 2186 1970 li:-

216 2016 364 2066 neet
391 2047 412 2077 ‚
462 1993 860 2089 inveniesque
890 2021 1010 2081 129
1041 1925 1301 2090 gradus,
1321 2019 1408 2083 25
1438 1993 1554 2066 scr.
1581 2003 1669 2067 ita
1690 2018 1761 2065 ut
1781 1994 1866 2064 ab
1887 2014 2037 2078 ortu
2060 1996 2186 2065 So*-

215 2090 296 2160 lis
318 2086 400 2156 ad
421 2085 750 2160 meridiem
786 2087 977 2183 usque
1000 2089 1466 2184 pertransierint
1506 2088 1926 2158 meridianum
1948 2087 2184 2183 gradus

217 2181 569 2277 aequatoris
594 2205 623 2249 1
641 2208 665 2249 1
681 2202 717 2273 5
742 2240 761 2263 ,
787 2178 902 2253 scr.
932 2187 1046 2276 '522
1093 2184 1226 2252 Eos
1247 2179 1462 2253 divide
1488 2204 1601 2278 per
1626 2204 1705 2275 15
1725 2183 1905 2277 (quia
1930 2205 2010 2277 15
2035 2203 2185 2278 gra-

217 2275 340 2346 dus
381 2271 626 2345 faciunt
671 2300 858 2348 unam
902 2277 1177 2366 horam)
1217 2280 1290 2345 δε
1312 2278 1669 2370 prodibunt
1705 2277 1882 2347 horae
1902 2303 1943 2359 7
1965 2331 1988 2365 ‚
2030 2299 2184 2348 cum

100 2472 103 2475 Α
215 2374 478 2451 residuis
500 2377 800 2473 gradibus
826 2394 1021 2470 rog-g:
1067 2380 1196 2451 hoc
1220 2377 1576 2477 multiplica
1602 2403 1715 2475 per
1736 2381 1832 2473 4(
1854 2383 2004 2476 quia
2029 2382 2178 2475 qui-.-

211 2491 377 2564 libet
397 2489 628 2586 gradus
649 2491 814 2564 valet
846 2515 891 2584 4
935 2487 1221 2584 scrupula
1239 2489 1543 2583 horaria)
1592 2494 1665 2558 &
1698 2476 1961 2561 veniutit
2001 2484 2173 2558 insu-

100 2634 105 2637 n
215 2609 332 2683 per
357 2584 643 2681 scrupula
676 2587 925 2657 horaria
949 2607 1060 2678 43.
1110 2588 1244 2658 Has
1272 2611 1313 2665 7
1337 2585 1526 2655 horas
1547 2579 1755 2678 semp.
1782 2606 1915 2677 43,
1969 2581 2180 2652 deduc

214 2685 251 2749 ὲ
279 2704 361 2749 12
384 2732 407 2764 ‚
462 2685 535 2749 &
557 2679 899 2750 manebunt
920 2677 1095 2746 horae
1113 2700 1158 2770 4
1181 2735 1196 2759 ‚
1240 2675 1362 2747 scr.
1398 2705 1425 2746 1
1440 2705 1501 2759 7,
1521 2701 1651 2772 pro
1677 2697 1974 2771 tempore
1993 2694 2178 2745 ortus

218 2774 390 2845 Solis
411 2831 431 2856 ,
473 2774 867 2844 numerando
892 2778 926 2842 a
952 2769 1352 2867 praecedente
1373 2769 1583 2839 media
1597 2770 1810 2839 noete.
1983 2836 1988 2839 .

312 2868 401 2937 Vt
418 2866 654 2938 eodem
690 2867 894 2934 modo
936 2865 1217 2936 invenias
1263 2866 1490 2934 boram
1510 2857 1773 2931 occasus
1809 2859 2017 2942 Solis,
2063 2858 2182 2929 ad-

130 3040 131 3043 *
205 2963 411 3059 junge
430 2964 566 3057 ejus
591 2960 813 3031 locum
847 2955 1206 3030 meridiano
1228 3007 1255 3039 ,
1300 2960 1376 3026 &
1419 2954 1666 3051 videbis
1686 2978 1808 3025 una
1832 2955 2177 3026 culminare

212 3056 452 3150 gradus
503 3080 629 3143 129
655 3108 674 3142 ‚
719 3050 927 3149 scrup,
971 3074 1058 3143 25
1106 3048 1586 3145 aequinofiialiS.
1635 3048 1965 3121 Converte
1994 3047 2178 3120 dein-

219 3173 375 3244 ceps
412 3150 686 3246 globum
727 3142 1166 3219 donec.'locus
1182 3206 1189 3229 f
1208 3143 1378 3216 Solis
1417 3163 1633 3241 tangat
1657 3138 2087 3218 *horizontem
2109 3147 2176 3216 iu

216 3243 562 3323 occidente
584 3298 606 3332 ,
650 3267 729 3314 ac
765 3238 915 3314 tum¹
937 3237 1189 3311 videbis·
1226 3238 1645 3337 meridianum
1686 3259 1902 3326 tenere
1942 3240 2177 3338 gradus

207 3334 391 3430 244,
406 3326 527 3425 scr,=
560 3341 786 3434 57‚,ita
808 3358 878 3411 ut
897 3340 1149 3429 interea·
1159 3338 1474 3430 temporis
1499 3334 1968 3432 pertransierint
1988 3336 2180 3407 merie·

196 3432 745 3527 „dianqmssgradus
784 3433 1126 3528 aequatoris
1170 3454 1201 3498 1
1217 3455 1247 3499 1
1264 3452 1298 3518 5
1327 3482 1348 3513 ‚
1393 3427 1602 3527 scrup.
1630 3452 1738 3521 52,
1781 3433 1926 3505 Hos
1968 3425 2184 3503 divide

218 3550 336 3625 per
363 3552 391 3596 1
410 3550 447 3619 5
477 3578 498 3609 ‚
543 3530 613 3595 &
634 3524 946 3599 residuum
989 3522 1346 3620 multiplica
1369 3548 1481 3618 per
1499 3526 1549 3618 4
1571 3575 1591 3608 ,
1634 3526 1707 3595 δι
1732 3523 2085 3617 p'ro'dibunt
2110 3540 2181 3589 ut

216 3641 370 3695 ante
388 3623 564 3693 horae
589 3647 650 3704 7,
675 3620 783 3693 scr.
810 3647 937 3721 43,
981 3644 1104 3716 pro
1130 3641 1435 3714 ,tempore
1454 3616 1716 3692 occasus
1741 3617 1910 3690 Solis
1934 3620 1969 3686 a
1984 3615 2178 3687 meri-

215 3715 348 3788 die.
857 3732 878 3751 ”
1556 3752 1561 3758 ·

194 3876 201 3881 “
1213 3878 1283 3965 ,Ε
1330 3895 1373 3967 5
2013 3865 2181 3948 Idem
