2666 4469
490 222 527 276 8
907 213 1042 273 DE
1124 214 2060 281 ADORNATIONE

574 315 663 384 In
686 310 989 383 inferiore
1012 311 1167 397 bafi,
1200 310 1594 407 pedunculus
1613 314 1810 387 exstat
1831 314 2077 411 ligneus
2103 370 2124 402 ,
2170 315 2453 390 [imiliter

495 429 683 479 crena
703 404 931 477 incisus
955 459 978 494 ,
1012 425 1085 476 ut
1104 429 1377 500 peream
1395 405 1523 479 fine
1539 408 1941 482 vacillatione
1959 464 1982 497 ,
2024 413 2452 501 MeridianuS,
2553 436 2556 439 ’

498 499 877 596 Globusque
902 553 923 585 ,
972 502 1207 595 pariter
1226 499 1438 569 attolli
1466 554 1487 586 ,
1530 501 1936 599 deprimique
1960 506 2148 598 poffit
2174 563 2195 597 ,
2223 531 2339 606 pto
2356 513 2450 582 rei

493 590 763 692 ustisque
783 596 1101 692 exigentia
1122 592 1206 672 ad
1226 591 1498 665 diversas
1518 596 1905 674 elevationes
1932 599 2101 671 Poli.
2428 651 2438 669 .

1127 744 1213 818 V.
1264 754 1365 820 De
1394 753 1557 846 Cyclo
1575 757 1858 847 Hormo.

500 874 805 1034 Cli-ca
836 866 1213 941 alterutrum
1256 865 1566 937 Polorum
1592 918 1614 952 ‚
1659 870 1962 967 parvulus
1975 871 2338 942 Meridiano
2356 894 2445 941 εε-

663 987 776 1035 reo
797 962 1075 1057 affigitur
1096 957 1373 1031 circulus
1397 1012 1418 1046 ‚
1487 963 1678 1032 ariter
1697 987 1779 1034 ex
1801 978 1922 1036 aere
1942 964 2255 1036 conflatus
2273 1018 2295 1052 ‚
2313 965 2452 1036 vul-

492 1080 587 1156 go
609 1057 818 1128 dictus
845 1058 1054 1154 Cyclas
1070 1054 1359 1127 horarius.-
1433 1059 1719 1149 uperiori
1762 1056 1878 1128 suo
1922 1057 2113 1154 plano
2135 1062 2198 1127 in
2223 1082 2314 1152 24
2334 1061 2456 1148 hor

491 1176 594 1224 ras
618 1206 639 1237 ‚
684 1176 804 1248 pro
826 1152 1073 1221 ratione
1089 1148 1216 1221 diei
1236 1148 1562 1235 naturalis,
1583 1150 1948 1224 distributus
1970 1183 1992 1237 3
2015 1175 2226 1248 eoque
2245 1154 2453 1226 modo
2516 1195 2519 1199 .

492 1247 852 1319 collocatus
872 1298 894 1330 ‚
918 1263 991 1314 ut
1015 1247 1172 1315 hora
1193 1240 1582 1313 duodecima
1605 1246 1938 1332 nocturna,
1962 1245 2336 1342 diurnaque,
2357 1247 2457 1319 la-

491 1362 597 1414 tus
618 1340 969 1412 Meridiani
986 1336 1303 1410 'orientale
1343 1334 1636 1431 respiciat
1658 1370 1682 1424 3
1726 1360 2015 1410 centrum
2056 1365 2211 1413 vero
2238 1345 2453 1438 jaceat

492 1438 726 1525 inAxe
747 1432 990 1507 mundi.
1034 1434 1120 1501 Et
1151 1432 1337 1524 hujus
1425 1429 1633 1500 uidem
1674 1436 2060 1504 extremitati
2102 1459 2297 1506 aereus
2333 1460 2453 1532 ap-

494 1531 769 1628 plicatur
791 1525 992 1597 Index
1008 1577 1030 1607 ,
1056 1526 1171 1619 qui
1188 1452 1445 1618 cuspide
1464 1520 1591 1607 sua,
1624 1529 1881 1619 quoties
1902 1526 2156 1599 Globus
2177 1550 2454 1601 eonver-

493 1628 650 1695 titur
672 1624 845 1691 circa
867 1617 1010 1688 suos
1035 1616 1233 1688 Polos
1260 1620 1324 1685 in
1349 1616 1718 1689 Meridiano
1745 1673 1766 1705 ,
1785 1644 2012 1692 omnes
2033 1624 2477 1705 circumcirca

493 1714 663 1810 cycli
683 1716 920 1786 horarii
968 1732 1177 1805 partes
1201 1709 1595 1805 perambulet
1620 1740 1654 1797 ‚¹
1680 1718 1755 1781 δε
1794 1736 2094 1809 praeterea
2134 1717 2453 1790 immobili

490 1831 790 1883 manente
810 1804 1038 1881 Globo
1064 1858 1087 1893 ‚
1133 1804 1397 1877 cuilibet
1418 1804 1598 1880 horae
1618 1806 1795 1879 nullo
1821 1815 2088 1909 negotio
2107 1832 2303 1914 queat
2332 1837 2453 1913 ap-

492 1906 738 2007 plicari.

856 2057 920 2128 V
967 2060 1022 2129 1.
1115 2063 1213 2128 De
1244 2059 1466 2154 pusu‘lis
1507 2062 1575 2129 Z
1576 2058 1727 2129 enith
1768 2058 1842 2130 &³
1890 2059 2109 2134 Nadir.

492 2192 586 2350 S
610 2183 997 2278 Egmentum
1060 2177 1410 2249 Meridiani
1455 2175 1658 2276 ‘ssipta
1720 2183 2149 2254 Horizontem
2208 2170 2510 2276 exstans.-¹

620 2273 1030 2355 continetbis
1054 2298 1142 2358 90
1161 2271 1420 2366 gradus.
1467 2276 1535 2344 Si
1577 2298 1743 2369 ergo
1769 2279 1948 2348 tama
1975 2276 2217 2348 boreali
2254 2300 2452 2372 quam

493 2369 744 2445 australi
810 2369 1191 2454 Horizontis
1238 2370 1313 2434 &
1358 2366 1706 2439 Meridiani
1751 2368 2195 2443 interseffione
2239 2370 2454 2441 alcen-

494 2465 713 2538 dendo
738 2515 760 2547 ‚
803 2479 1210 2531 numerentur
1230 2460 1467 2554 gradus
1489 2485 1581 2548 90
1606 2492 1624 2544 ;
1670 2463 1974 2555 pandum
2008 2468 2351 2535 terminans
2376 2489 2453 2534 u,-

492 2581 788 2654 tramque
807 2556 1317 2625 numerationem
1346 2607 1368 2639 ‚
1410 2555 1693 2649 undique
1732 2557 1817 2626 ab
1858 2559 2223 2631 Horizonte
2256 2582 2452 2653 quam
2513 2637 2522 2645 ‚

495 2655 706 2754 potest
732 2653 1010 2722 maxime
1030 2647 1260 2719 distans
1287 2700 1308 2732 ,
1356 2643 1865 2746 respondensque
1889 2653 2129 2747 puncto
2153 2652 2287 2722 caeli
2310 2676 2453 2723 ver-

494 2752 609 2824 tici
631 2748 851 2823 nostro
871 2742 1110 2820 directe
1145 2742 1545 2821 incumbenti
1574 2796 1595 2828 ‚
1628 2767 1793 2819 voce
1814 2747 2089 2821 Arabica
2113 2799 2135 2832 ,
2171 2745 2454 2819 diuturni

495 2850 665 2915 inter
687 2841 1114 2926 Astronomos
1133 2834 1271 2907 usus
1294 2890 1315 2923 ‚
1360 2837 1599 2907 dicitur
1616 2839 1858 2909 Zenith.
1882 2841 2033 2936 Ejus
2056 2849 2126 2910 o'
2152 2839 2450 2936 pofitum,

493 2961 729 3033 nempe
771 2934 1074 3030 puntffirm
1124 2930 1263 3000 caeli
1305 2935 1346 3005 ὲ
1388 2932 1636 3003 directo
1682 2932 1949 3027 pedibus
1993 2959 2079 3009 no
2133 2938 2217 3003 ris
2245 2931 2454 3031 subja-

495 3055 646 3104 cens
674 3083 695 3115 ,
737 3030 1143 3121 undiquaque
1164 3023 1247 3100 ad
1269 3034 1612 3097 maximam
1633 3023 1818 3100 fitum
1838 3024 1949 3102 sub
1969 3031 2333 3099 Horizonte
2350 3030 2453 3099 di-

495 3126 787 3198 stantiam
813 3177 834 3207 ‚
882 3138 1149 3191 vocatur
1191 3119 1417 3189 Nadtr.
1468 3123 1799 3190 Dicuntur·
1828 3121 2302 3217 praeter'ea‘duo
2337 3124 2453 3196 ista

499 3220 738 3317 pumsta
783 3219 909 3287 Pola·
946 3215 1310 3294 Horizomis,
1361 3213 1544 3306 quod
1586 3215 1885 3289 Horizon
1920 3215 2252 3289 intervallo
2289 3241 2451 3315 qua-

377 3362 383 3368 .
505 3317 749 3392 drantis
779 3337 860 3384 ex
881 3312 958 3378 iis
977 3327 1284 3402 tanquam
1305 3300 1482 3380 Polis
1501 3306 1910 3386 describatur.

968 3463 1032 3534 V
1075 3468 1109 3536 I
1152 3469 1206 3536 Ι.
1298 3470 1399 3534 De
1437 3467 1654 3536 circulo
1697 3467 1983 3538 Verticaeli.

511 3564 841 3757 PVn&o
879 3588 1112 3661 Zenith
1152 3586 1511 3663 anneffitur
1530 3643 1549 3668 ‚
1599 3610 1712 3683 per
1733 3585 2068 3664 cochleam
2092 3639 2115 3671 ‚
2154 3610 2338 3660 arcus
2362 3573 2451 3658 m*—

624 3709 767 3764 reus
792 3740 813 3772 ,
848 3681 1287 3780 magnitudine
1379 3682 1700 3754 uadrantis
1736 3679 1999 3766 circuli3
2034 3680 2229 3777 idque
2267 3679 2452 3779 supe-

504 3787 664 3862 riori
684 3781 788 3858 sua
805 3781 1210 3859 extremitate
1227 3808 1257 3874 5*
1281 3705 1411 3852 131
1432 3775 1628 3880 pacto
1652 3828 1675 3866 ,
1720 3796 1791 3849 ut
1807 3774 2069 3850 inferior
2093 3799 2216 3874 pro
2238 3774 2450 3882 lubitu

2168 3872 2448 3946 circum-

1411 3965 1422 3972 -

1290 3991 1297 3998 ο
