2666 4469
367 240 634 330 ‘1³1³ss
714 223 1197 306 Terinam
1276 225 1873 306 Motum.
2031 247 2141 328 20,-

161 342 374 414 donec
394 341 712 414 verticalis
751 339 1014 437 stringat
1037 339 1254 411 Solem
1278 364 1300 409 t
1353 345 1427 410 &
1445 339 1710 412 habebit
1748 344 1802 412 is
1823 364 1972 415 cum
1991 368 2134 414 om-

161 438 348 509 nibus
395 437 649 507 circulis
694 433 943 530 spbaerae
964 459 1103 507 eam
1127 435 1568 506 habitudinem
1588 434 1669 506 ad
1692 436 2141 526 horizontem,¹

159 553 350 626 quam
368 530 607 602 habent
627 529 852 599 circuli
874 527 1168 599 caelestes.
1211 581 1215 585 -
1540 603 1543 606 ,
2254 529 2261 538 ’

179 665 182 670 -
249 630 359 696 De
381 626 573 695 nocte
606 623 760 692 illud
783 623 860 691 fit
886 646 999 718 per
1023 622 1335 694 stellarum
1370 622 1769 695 altitudinem
1802 623 1921 694 hac
1938 627 2149 695 ratio-i

164 743 285 805 ne„
331 723 430 791 Sit
456 716 915 792 Amstelodami
942 722 1005 787 in
1029 717 1322 788 orientali
1343 739 1522 814 parte
1543 719 1680 787 caeli
1700 716 2030 791 observata
2051 717 2147 789 al-'

164 814 379 884 titudo
420 812 733 885 Aldebarae
774 806 953 906 supra
990 811 1402 882 horizontem
1422 805 1744 907 ‘graduum
1770 837 1885 905 25.
1950 813 2145 884 Stella

162 908 319 979 loco
342 905 452 976 suo
476 904 679 1002 pofita
707 909 776 974 &
802 904 1141 976 horizonte
1161 905 1429 976 reducto
1452 908 1533 975 ad
1552 906 1955 979 latitudinem
1977 909 2143 976 Am-

163 995 682 1072 stelodamenlem
700 1057 720 1081 ,
766 1020 941 1068 verte
980 998 1248 1094 globum
1291 1021 1477 1069 terrae
1496 1054 1517 1085 ‚
1576 1006 1651 1069 &
1672 1000 2041 1078 verticalem
2074 1005 2144 1071 in·

165 1093 469 1166 orientali
493 1114 670 1190 parte
692 1093 1057 1162 horizontis
1080 1149 1102 1176 ,
1147 1093 1271 1162 huc
1294 1093 1442 1162 illuc
1465 1151 1484 1175 ,
1509 1093 1717 1164 donec
1736 1097 1869 1189 ejus
1903 1097 2149 1191 graduss

164 1214 254 1281 25
283 1208 500 1282 tangat
519 1186 776 1256 stellam.
798 1183 1132 1278 Qascum
1184 1211 1260 1256 ue
1283 1209 1448 1282 ergo
1469 1186 1669 1257 stellas
1690 1189 1810 1258 suis
1834 1188 1993 1258 locis
2015 1188 2145 1258 dis-

167 1280 455 1379 posueris
477 1336 496 1366 ‚
538 1304 668 1366 eae,
712 1301 782 1349 ut
802 1284 874 1349 δι.
900 1303 1126 1350 omnes
1173 1281 1400 1375 phaerae
1424 1280 1689 1368 circuli,
1733 1279 1794 1352 se
1818 1281 2148 1354 b‘abebunt

164 1378 249 1448 ad
273 1377 702 1455 horizontem,
726 1372 978 1469 prorsus
998 1380 1150 1447 utin
1173 1376 1310 1470 ipso
1340 1375 1524 1444 caelo,
1982 1437 1991 1446 .

265 1473 391 1541 Per
413 1468 720 1538 Azimuth
767 1468 1078 1538 stellarum
1098 1468 1207 1538 fic.
1279 1466 1631 1540 Obstrvata
1664 1463 1739 1539 fit
1774 1464 2001 1541 eadem'
2020 1465 2152 1541 fixa

165 1564 354 1662 grad.
384 1586 493 1656 50,
520 1563 603 1633 ab
623 1561 833 1632 austro
854 1565 936 1631 ad
958 1583 1198 1632 ortum.
1273 1562 1469 1634 Stella
1488 1586 1651 1658 ergo
1673 1563 1789 1634 suo
1805 1564 1961 1634 loco
1982 1563 2157 1661 pofi-

167 1680 232 1729 ta
251 1655 278 1744 '‚
325 1658 578 1728 colloca
600 1655 965 1728 verticalem
995 1662 1061 1729 in
1083 1656 1427 1728 horizonte
1446 1680 1538 1750 50
1559 1657 1865 1752 gradibus
1905 1662 1939 1727 a
1963 1660 2154 1729 meri-

166 1753 278 1821 die
305 1754 387 1821 ad
410 1771 626 1821 ortum
652 1803 673 1834 ‚
722 1756 796 1821 δε
820 1772 998 1823 verte
1019 1749 1289 1846 globum
1314 1772 1497 1822 terrae
1521 1804 1541 1835 ,
1588 1752 1803 1823 donec
1839 1751 2154 1830 verticalis

166 1844 413 1915 stellam
433 1845 737 1937 stringat:
798 1849 870 1912 &
892 1844 1217 1913 habebunt
1257 1868 1486 1914 omnes
1507 1846 1728 1916 circuli
1769 1871 1911 1917 eam
1934 1846 2044 1915 dis
2073 1871 2155 1918 0-

167 1938 474 2009 fitionem
503 1937 585 2006 ad
614 1937 1023 2024 horizontem
1042 1935 1295 2032 sphaerae
1321 1990 1343 2024 ,
1386 1961 1580 2032 quam
1601 1940 1901 2010 obtinent
1922 1941 2005 2011 ad
2079 1964 2159 2011 o·-
2256 1967 2262 1974 ·

168 2036 500 2103 rizontem
523 2027 775 2099 mundi.
963 2045 966 2048 ’
1475 2109 1481 2118 ,
1554 2085 1557 2088 a
1794 2069 1797 2072 ·
1986 2095 2027 2108 ,,
2110 2033 2129 2044 “’
2194 2033 2199 2038 ’

270 2129 400 2198 Per
425 2124 652 2194 horam
685 2125 1018 2218 cognitam
1039 2143 1168 2194 tam
1191 2124 1512 2209 interdiu,
1551 2127 1745 2220 quam
1767 2125 1961 2196 noc'tu
1988 2180 2008 2211 ,
2030 2125 2164 2198 hoe

167 2218 410 2293 modo,
488 2220 684 2290 Sume
708 2243 831 2313 pro
854 2216 1150 2311 exemplo
1178 2246 1206 2288 1
1222 2244 1259 2311 5
1284 2221 1461 2307 diem
1479 2220 1875 2312 Novembris
1920 2217 2167 2318 vesperi

169 2318 399 2402 hora9
429 2368 450 2400 ‚
498 2318 687 2408 eique
729 2317 994 2407 impone
1031 2312 1309 2384 indicem
1349 2313 1504 2384 disci
1543 2314 1803 2386 mobilis
1849 2317 1937 2385 ita
1959 2336 2028 2385 ut
2050 2313 2168 2387 Sol

169 2411 475 2482 obtineat
524 2410 798 2505 gradum
842 2424 928 2502 13'
971 2409 1248 2503 Scorpii.
1333 2411 1511 2479 Tum
1551 2429 1851 2481 converte
1888 2409 2166 2505 globum

169 2527 363 2576 terrae
408 2502 622 2574 donec
661 2501 1046 2596 meridianus
1086 2522 1446 2599 apponatur
1484 2503 1620 2574 Soli
1668 2514 1715 2589 ‚⁴
1757 2504 2167 2600 iudicemque

167 2600 505 2671 horarium
527 2597 781 2694 applica
815 2596 991 2667 horae
1019 2622 1128 2668 12.
1181 2595 1340 2667 Inde
1355 2595 1545 2668 volve
1569 2598 1840 2694 globum
1860 2601 1923 2668 in
1943 2620 2167 2669 ortum

171 2694 401 2772 donec
419 2692 613 2764 index
640 2691 945 2762 monstret
981 2691 1206 2763 horam
1227 2716 1269 2777 9
1295 2695 1802 2785 pomeridianam
1822 2750 1841 2774 ‚
1888 2708 2169 2787 eumque

173 2786 490 2859 obfirma.
542 2788 796 2855 Omnes
830 2807 992 2881 ergo
1030 2784 1072 2854 s
1102 2786 1285 2854 haerae
1307 2785 1578 2867 circuli,
1629 2790 1705 2854 δε
1725 2783 1912 2856 stellae
1933 2840 1956 2868 ‚
2004 2808 2169 2879 quas

174 2880 310 2955 suis
329 2878 497 2948 locis
519 2876 815 2976 dispones
841 2931 862 2963 ,
902 2900 1031 2948 tam
1079 2900 1234 2973 upra
1254 2880 1448 2971 quam
1467 2874 2054 2971 infrahorizontem
2077 2883 2169 2950 ita

176 2973 320 3046 fitae
351 2992 546 3134 c<lerunt
572 3024 593 3063 ,
640 2971 1187 3069 quemadmodum
1229 2973 1293 3041 in
1314 2971 1476 3042 caelo
1499 2967 1781 3068 respectu
1803 2972 2166 3045 horizontis

179 3091 347 3141 mun
396 3090 525 3137 am.

420 3254 889 3353 ίΧΧΧῙ.
1018 3254 1842 3355 ΡΚοΒιΕΜΑ

541 3418 742 3484 Stellas·
759 3419 821 3483 in
839 3413 967 3481 caelo
988 3404 1236 3507 benefitio
1242 3409 1474 3509 sphaerae
1491 3410 1808 3510 cognoscere.

308 3541 473 3612 Vme
503 3539 654 3610 illud
681 3539 1142 3636 explorandum
1166 3538 1291 3611 effe
1324 3540 1409 3612 ad
1432 3561 1676 3614 certum
1699 3561 1951 3637 tempus
1977 3537 2001 3625 ,⁶
2050 3563 2166 3612 ex·
2195 3548 2370 3617 tpmfae

188 3555 286 3711 S
312 3634 510 3731 empli
539 3631 716 3705 caula
740 3688 760 3721 ‚
803 3634 1263 3706 Amstelodami
1284 3635 1392 3705 die
1411 3659 1496 3728 23
1526 3637 1915 3711 Decembris
1948 3633 2166 3732 velpe·
2187 3613 2398 3726 2221?

178 3740 242 3810 ri
294 3734 457 3804 hora
499 3754 542 3817 9
586 3729 912 3822 Sphaeram
957 3732 1130 3824 prius
1174 3734 1338 3825 (per
1381 3731 1761 3803 antecedens
1784 3729 2168 3827 problema)

181 3847 531 3927 compone
566 3821 649 3896 ad
668 3820 854 3901 situm
877 3827 1016 3899 caeli
1035 3836 1159 3921 pro
1179 3823 1340 3895 hora
1356 3823 1507 3897 data
1533 3878 1557 3918 ‚
1602 3848 1746 3922 quae
1768 3823 1877 3899 ubi
1897 3822 2172 3901 advene·-

1299 3921 1372 3993 0
2065 3922 2173 4015 rit,
