2666 4469
475 196 680 266 PER
764 202 1268 264 TERRAM
1346 203 1926 266 MOBILRM.
2093 227 2196 273 ιι,

214 295 692 372 destenfionem
712 297 882 371 Solis
904 297 1239 393 obliquam
1285 302 1362 368 δε
1384 300 1696 394 punctum
1717 308 2061 395 aequatoris
2084 330 2200 375 oc-

216 395 443 466 cidens
462 446 482 475 ‚
520 419 638 466 eos
659 392 874 464 divide
911 416 1025 487 per
1060 393 1338 463 totidem
1377 394 1613 489 gradus
1653 416 1821 499 quot
1844 401 2018 493 capit
2039 398 2199 469 hora

216 486 2199 682 Μῶα

1013 740 1386 832 Exemplum.

311 858 631 931 Praedieco
667 858 774 944 die
814 883 895 953 30
918 858 1059 930 Iulii
1094 879 1241 931 ante
1259 858 1590 931 meridiem
1614 915 1636 947 ,
1682 885 1864 957 pono
1891 858 2193 930 obierva-

219 974 356 1025 tam
394 952 518 1024 esst
537 949 682 1025 solis
718 955 900 1049 supra
924 955 1336 1027 horizontem
1376 954 1778 1026 altitudinem
1799 953 2200 1028 Amstelo'da-

222 1052 314 1119 mi
338 1100 359 1133 ‚
443 1048 705 1118 raduum
724 1071 815 1139 40
836 1101 857 1134 ,
902 1054 977 1119 &
997 1049 1190 1142 cupio
1210 1043 1369 1119 scire
1379 1069 1671 1142 quaenam
1707 1048 1898 1120 fuerit
1920 1052 2079 1122 hora
2099 1052 2202 1119 iu-

223 1072 506 1236 aequaiis.
572 1145 937 1213 Horizonte
986 1145 1058 1210 δε
1098 1141 1249 1213 Sole
1285 1162 1356 1213 ut
1395 1157 1557 1214 ante·
1586 1141 1924 1214 collocatis
1946 1195 1968 1229 ‚
2015 1165 2203 1214 verto

195 1279 198 1282 =
271 1235 497 1306 lobum
520 1257 702 1307 terrae
730 1289 751 1321 ,
771 1234 984 1307 donec
1004 1235 1329 1307 orientalis
1349 1236 1582 1308 limbus
1604 1238 1965 1313 horizontis
1981 1238 2204 1309 Solem

221 1258 534 1425 {ringan
586 1335 660 1399 &
699 1352 863 1401 noto
895 1329 1133 1427 gradus
1178 1351 1231 1399 ae
1284 1336 1527 1402 uatoris
1577 1333 1663 1403 ab
1701 1331 2045 1401 horizonte
2086 1332 2202 1403 ab·

223 1420 441 1495 scissos
469 1450 618 1518 103,
645 1428 801 1495 min.
840 1451 919 1521 33
942 1455 961 1508 3
989 1423 1139 1495 inde
1154 1353 1352 1497 νοῗνο
1373 1425 1646 1520 globum
1672 1447 1855 1496 terrae
1876 1430 1939 1496 in
1958 1446 2203 1510 ortum,

227 1522 301 1588 &
334 1521 697 1589 verticalem
735 1520 863 1590 huc
902 1520 1051 1591 illuc
1086 1522 1152 1590 in
1173 1520 1521 1591 horizonte
1547 1573 1569 1606 ‚
1615 1521 1826 1592 donec
1857 1546 1953 1616 40
1971 1519 2206 1616 gradus
2254 1521 2259 1524 ’

223 1613 540 1686 vertioelis
558 1614 775 1685 Solem
796 1620 1075 1710 attingat
1094 1613 1178 1685 ad
1198 1618 1523 1686 orientem
1549 1669 1570 1702 ,
1596 1620 1673 1686 &
1696 1614 2037 1710 respiciens
2058 1636 2207 1711 gra-

224 1705 343 1779 dus
370 1712 713 1802 aequatoris
739 1708 1050 1781 veriantes
1072 1707 1506 1780 inhorizonte
1529 1762 1554 1795 ‚
1598 1713 1859 1781 invenio
1885 1736 2009 1793 171
2037 1762 2063 1795 ‚
2084 1710 2210 1779 mi·

227 1821 364 1872 nut.
396 1826 476 1893 51
503 1854 526 1886 ,
572 1806 659 1871 ita
696 1822 765 1872 ut
805 1802 1086 1873 horizon
1134 1802 1297 1895 (per
1336 1804 1984 1877 circumvolutionem
2024 1825 2210 1874 terrae

226 1896 266 1964 a
302 1898 513 1990 primo
537 1901 876 1989 aequatoris
918 1893 1161 1992 punffo
1195 1893 1305 1964 seu
1320 1894 1673 1968 ascensione
1705 1899 1875 1969 Solis
1895 1899 2209 1992 obliqua)

230 1989 650 2086 permeaverit
668 1989 967 2084 gradusae
1020 1989 1259 2058 uatoris
1280 1991 1401 2072 68,
1449 1993 1601 2061 min.
1634 1990 1739 2064 18.
1795 1994 1876 2062 Et
1898 1996 2210 2086 quoniam
2291 2038 2304 2057 .

247 2096 348 2153 'er'
437 2082 722 2152 roblema
761 2103 983 2153 antece
1029 2106 1139 2152 ens
1163 2084 1492 2155 inventum
1510 2083 1641 2165 est,
1689 2085 1915 2155 horam
1937 2084 2213 2179 quamli-

231 2108 344 2251 bet
429 2179 508 2248 iei
555 2178 933 2273 i'naequalom
966 2175 1251 2249 constare
1290 2178 1405 2249 illo
1429 2177 1535 2249 die
1563 2202 1644 2250 ex
1667 2178 1970 2275 gradibus
1994 2202 2211 2273 aequa-

231 2276 394 2344 toris
438 2299 518 2360 19
550 2325 570 2356 ,
611 2275 766 2342 min.
806 2300 887 2355 17
912 2304 935 2357 3
984 2295 1252 2342 numero
1285 2274 1319 2342 a
1345 2277 1542 2367 priori
1583 2275 1823 2370 puncto
1844 2279 2106 2346 invento
2141 2277 2211 2342 in

231 2382 558 2464 aequatore
579 2361 778 2439 verfiis
800 2368 1209 2437 horizontem
1243 2369 1309 2436 in
1330 2390 1479 2437 ortu
1505 2421 1526 2452 ‚
1566 2371 1827 2463 quoties
1862 2369 2213 2446 habeantur

229 2462 465 2565 gradus
495 2487 571 2548 ¹9
600 2514 619 2545 ‚
644 2468 800 2530 min.
831 2489 912 2544 17
934 2515 956 2546 ‚
1008 2463 1359 2533 &invenio
1377 2483 1476 2535 ter
1496 2485 1609 2532 eos
1632 2467 1948 2533 contineri
1973 2468 2035 2533 iu
2061 2486 2212 2532 arcu

229 2559 576 2651 aequatoris
602 2562 863 2626 invento
884 2609 903 2642 ,
936 2579 1012 2626 ac
1030 2551 1337 2650 stipereffe
1353 2556 1585 2651 gradus
1612 2555 1648 2625 8
1680 2609 1701 2642 ,
1743 2562 1959 2649 min.4
1971 2583 2001 2651 3
2034 2610 2052 2641 ‚
2097 2561 2214 2650 qui

229 2650 473 2722 faciunt
508 2674 597 2729 27
621 2655 863 2721 minuta
884 2651 1059 2722 horae
1077 2650 1405 2745 inaequalis
1428 2683 1450 2737 3
1492 2649 1657 2720 adeo
1682 2672 1750 2721 ut
1790 2673 1927 2721 tum
1948 2672 2213 2745 tempo-

233 2750 320 2817 ris
337 2744 528 2816 fuerit
547 2745 706 2813 hora
725 2745 1051 2838 inaequalis
1077 2769 1110 2835 3
1142 2796 1164 2828 ,
1190 2750 1351 2812 min.
1377 2767 1465 2824 27
1491 2795 1513 2827 ‚
1535 2744 1933 2814 numerando
1953 2743 2037 2814 ab
2059 2766 2211 2821 ortu

235 2839 430 2919 Solis..
497 2844 718 2930 Atque
746 2837 900 2907 hinc
938 2841 1133 2908 etiam
1177 2856 1355 2930 patet
1394 2837 1738 2931 quomodo
1775 2838 1949 2909 idem
1987 2834 2213 2932 perfici

235 2952 431 3030 queat
452 2953 564 3022 per
587 2951 815 3000 notum
835 2930 1167 3001 Azimuth.
1596 2968 1599 2975 ·
1914 2988 1917 2991 ,
2201 2984 2207 2991 .

330 3027 419 3096 Vt
457 3025 646 3095 horas
685 3024 1024 3120 inaequales
1059 3024 1141 3095 de
1165 3022 1358 3092 nocte
1375 3025 1650 3093 invenias
1674 3047 1755 3095 ex
1776 3025 2107 3096 altitudine
2138 3049 2211 3094 a·-

236 3120 462 3215 licujus
483 3119 668 3190 stenae
695 3173 717 3205 ‚
755 3143 899 3191 eam
924 3123 1100 3213 prius
1119 3117 1424 3191 suo²loco
1441 3117 1554 3188 dis
1668 3126 1706 3189 'e
1728 3123 1793 3190 in
1817 3118 2048 3215 sphaera
2070 3175 2090 3206 ,
2134 3143 2214 3190 ac

239 3214 387 3286 d'ein
407 3215 678 3310 gradum
717 3215 1035 3287 verticalis
1070 3212 1389 3285 altitudini
1432 3142 1926 3308 resggrxidentem
1959 3214 2074 3312 ipfi
2095 3216 2215 3284 ad-

236 3302 474 3405 junge,
520 3331 628 3379 aut
665 3306 710 3378 fi
736 3307 1039 3379 Azimu'th
1061 3308 1246 3379 detur
1263 3359 1286 3393 ,
1335 3309 1705 3379 verticalem
1726 3308 1976 3405 applica
1994 3309 2210 3396 steuae,

238 3407 330 3475 ita
377 3424 447 3473 ut
492 3407 556 3473 in
590 3405 932 3475 horizonte
975 3427 1124 3473 cum
1169 3397 1512 3474 observato
1562 3403 1916 3477 Azi‘mutho
1969 3429 2212 3476 conve-

241 3502 394 3572 niat.
453 3502 626 3568 Tum
648 3498 690 3569 fi
711 3496 785 3569 fit
808 3521 954 3570 ante
975 3498 1249 3570 mediam
1268 3497 1528 3568 nonem
1551 3552 1572 3583 ,
1619 3501 1767 3571 vide
1788 3522 1952 3595 quot
1974 3498 2212 3594 gradus

239 3593 644 3665 intercedant
695 3597 868 3665 inter*
912 3590 1405 3666 descensionem·
1451 3591 1620 3665 solis
1663 3595 1999 3687 ohiiq'uam
2040 3646 2062 3679 ,
2137 3599 2214 3664 δε

378 3687 562 3757 &um
612 3692 986 3783 aeqnatorisf·
1013 3688 1323 3783 stringens
1368 3689 1787 3763 horizontem
1828 3692 1893 3760 in
1934 3684 2212 3775 occasu}

374 3804 543 3858 vero
564 3781 646 3854 fit
682 3783 825 3879 p&
857 3783 1136 3857 mediam
1173 3782 1439 3856 noem
1458 3827 1495 3877 ·,
1514 3806 1705 3880 quot.
1727 3782 1960 3856 cadant
1979 3783 2215 3893 gradus

2057 3899 2222 3947 lutet

249 3936 263 3945 '⁸
315 3934 318 3939 1
471 3953 496 3974 «ἱ.
