2666 4469
515 211 581 251 ιο
770 208 773 217 ·
927 164 1071 251 1>ss
1152 186 2089 266 ADORN·A·1·10NE
2199 240 2200 243 γ

522 306 529 344 ῑ
606 288 825 382 Qod
840 287 884 359 fi
901 288 1172 359 omnino
1192 285 1451 358 Globus
1491 284 1798 358 terrestris
1820 289 1885 356 in
1908 280 2165 360 climata
2181 285 2256 358 fit
2271 285 2483 360 distri·-

511 382 806 457 buendus
831 382 1119 477 ,majori
1145 377 1287 452 sane
1306 379 1671 475 aequalitate
1695 433 1717 466 ‚
1743 382 2087 478 quodlibet
2108 382 2482 477 hemisphae-

486 483 679 552 'rium
703 498 886 550 terrae
907 479 1206 569 utrinque
1223 472 1306 544 ab
1331 479 1694 570 AEquatore
1719 529 1742 561 ‚
1786 476 2072 548 dividere
2093 476 2249 546 licet
2269 483 2333 547 in
2358 502 2480 547 no-

477 574 654 647 vvem
679 576 936 646 climata
985 574 1155 669 paris
1202 573 1369 639 inter
1395 566 1457 640 se
1478 569 1829 641 latitudinis
1851 622 1873 657 ,
1999 596 2029 641 r
2049 568 2320 666 singulas
2340 593 2483 666 gra-

506 668 710 739 duum
748 665 1080 736 meridiani
1115 662 1437 748 decadcs;
1482 663 1654 735 hunc
1677 667 1743 733 in
1778 690 1846 735 m
1942 689 2075 737 um.
2117 664 2479 736 Borealiurn

506 760 842 833 climatum
872 763 1149 857 primum
1190 761 1461 854 incipiet
1489 758 1572 830 ab
1594 763 1956 854 AEquatore
1979 812 2000 844 ,
2055 764 2131 830 &
2151 757 2388 831 definet
2412 763 2477 833 in

505 853 845 927 latitudine
878 852 1194 951 graduum
1220 878 1302 921 10
1329 904 1353 937 ‚
1397 851 1776 948 diceturque
1814 856 2239 953 vfithiopicum
2264 906 2284 938 ‚
2327 856 2477 947 quia

505 950 784 1020 mediam
829 947 1047 1019 tranfit
1074 948 1489 1042 &aethiopiam
1537 947 1902 1019 Secundum
1917 946 2372 1019 terminabitur
2411 951 2476 1018 in

504 1042 863 1115 latitudinis
884 1041 1155 1140 gradum
1175 1066 1291 1127 20,
1316 1044 1391 1110 &
1411 1041 1754 1113 vocabitur
1770 1041 2103 1114 Arabicum
2125 1094 2148 1127 ,
2172 1044 2325 1136 quia
2340 1066 2478 1139 ma·-

557 1163 702 1210 nam
748 1158 996 1232 partem
1026 1139 1318 1207 continet
1357 1136 1607 1208 Arabiae
1633 1140 1846 1230 filicis.
1891 1138 2189 1223 Tertium
2228 1139 2291 1215 in
2329 1155 2481 1231 graa-

505 1161 664 1302 {um
703 1229 1055 1302 latitudinis
1105 1256 1185 1326 30
1202 1286 1221 1314 ,
1267 1234 1713 1333 vfigyptiacum
1752 1230 1989 1301 audiet.
2057 1233 2388 1323 Qartum
2410 1235 2496 1301 in.

506 1325 915 1398 latitudinem
934 1323 1249 1420 graduum
1265 1345 1357 1415 40
1373 1319 1701 1394 extensum
1727 1375 1748 1407 ‚
1773 1329 2092 1412 Syriacum.
2141 1328 2474 1415 Qintum

504 1424 572 1492 in
596 1420 868 1516 gradum
896 1442 982 1511 50
1002 1470 1024 1503 ‚
1074 1421 1346 1490 Italicum
1364 1438 1475 1488 aut
1496 1422 1798 1487 Gauio-um.
1843 1417 2107 1487 Sextum
2129 1421 2197 1486 in
2218 1424 2304 1487 60
2325 1440 2479 1513 gra-

503 1515 689 1597 dum,
719 1519 1124 1601 Germaagcum
1140 1529 1250 1580 aut
1271 1514 1679 1580 Britannicum.
1734 1511 2094 1604 Septimum
2128 1534 2472 1585 excurrens

440 1654 446 1659 -
503 1608 586 1677 ad
610 1605 1014 1676 latitudinem
1038 1629 1125 1687 70
1193 1603 1462 1673 raduum
1495 1657 1516 1690 ‚
1540 1605 1664 1675 crit
1683 1609 2001 1675 Suecicum.
2047 1605 2369 1677 Octavum
2389 1608 2474 1677 ad

504 1701 594 1770 80
633 1698 987 1770 latitudinis
1030 1626 1269 1796 ἔταξας
1295 1750 1316 1783 ,
1368 1700 1620 1771 Glaciale
1656 1702 1920 1769 Boreum.
1968 1700 2252 1771 Nonum
2287 1698 2474 1771 deni-

502 1816 633 1890 que
655 1792 849 1887 usque
871 1791 953 1863 ad
977 1791 1211 1865 Polum
1236 1843 1261 1876 ‚
1300 1795 1527 1863 Boreale
1565 1788 1670 1863 seu
1710 1795 1907 1863 Polare
1943 1800 2205 1866 Boreum.
2247 1797 2329 1864 Et
2348 1796 2479 1885 hoq

505 1912 648 1960 rum
668 1887 932 1984 quidem
952 1885 1190 1986 septem
1215 1904 1404 1957 erunt
1426 1884 1799 1958 habitabilia
1825 1939 1847 1971 ‚
1888 1887 2129 1985 reliqua
2149 1889 2480 1962 inhabita-'

497 1981 660 2148 gilii}
678 2006 702 2051 ε
734 1986 1025 2057 Paralleli
1068 2005 1223 2057 vero
1245 1985 1385 2080 pari
1400 1980 1606 2052 modo
1627 1980 1983 2076 procedent
2008 2035 2029 2070 ,
2067 1979 2178 2057 sed
2200 2008 2480 2058 numero.

549 2103 586 2149 u
660 2096 858 2149 mato,
1128 2137 1139 2145 ,

520 2220 523 2221 f
585 2102 696 2241 gb
740 2170 945 2243 altero
966 2173 1344 2267 AEquatoris
1381 2170 1582 2244 latere
1603 2169 1818 2246 similis
1841 2168 1955 2242 fiet
1975 2170 2300 2245 climatum
2323 2195 2482 2269 par-r

496 2267 670 2336 titio.
706 2268 994 2336 Primum
1012 2271 1187 2337 enim
1208 2269 1460 2335 initium
1479 2265 1743 2343 habebit
1764 2265 1847 2337 ab
1868 2287 2193 2360 aequatore
2215 2299 2238 2353 3
2259 2272 2332 2337 δε
2352 2266 2471 2339 de-

497 2358 657 2436 sinet
682 2361 747 2427 in
767 2359 1106 2431 latitudine
1141 2358 1453 2455 graduum
1478 2385 1562 2429 10
1583 2359 1897 2443 Australi,
1944 2358 2205 2454 dicique
2223 2365 2468 2457 poterit

495 2456 880 2544 qufilianum
913 2506 936 2539 ,
984 2457 1137 2549 quia
1173 2455 1617 2549 navigantibus
1640 2452 1721 2523 ad
1738 2449 2036 2524 occasum
2063 2474 2235 2527 trans
2253 2479 2470 2552 aequa-

501 2565 714 2620 torem
767 2550 972 2641 prima
1012 2551 1300 2619 occurrit
1340 2550 1617 2643 Brafilia3
1657 2570 2016 2644 magnaque
2046 2572 2127 2619 ex
2152 2571 2330 2643 parte
2347 2549 2466 2650 sub

493 2639 630 2712 hoc
656 2641 914 2713 climate
938 2640 1047 2712 fita
1070 2641 1180 2711 est.
1234 2641 1529 2712 Alterum
1551 2640 1889 2711 vocabitur
1929 2646 2264 2714 Pernanam
2282 2648 2348 2714 in
2369 2643 2468 2714 la-

495 2736 841 2807 titudinem
865 2737 1179 2833 graduum
1200 2761 1318 2822 20,
1344 2739 1379 2804 a
1404 2737 1673 2830 regione
1691 2739 1847 2807 Peru
1863 2794 1883 2817 ,
1930 2730 2124 2832 quain
2161 2762 2465 2834 compre-

489 2827 735 2901 hendit.
785 2834 1085 2902 Tertium
1107 2830 1188 2900 ad
1210 2830 1613 2901 latitudinem
1657 2829 1970 2925 graduum
2000 2856 2080 2925 30
2104 2840 2226 2903 erit
2267 2838 2463 2904 Para-

481 2925 2302 3114 ffu‘ffflksshffcifffi'erss‘gffi“bi‘ffloijfflffl‘ffi{¹2¹252
2348 2951 2478 3092 ἐξ·

422 3151 434 3168 ·
493 3108 850 3182 latitudinis
900 3163 921 3196 ,
981 3117 1027 3180 S
1060 3110 1250 3202 lvestrc
1277 3168 1295 3191 ,
1347 3134 1433 3180 eo
1472 3110 1653 3205 quod
1694 3112 1931 3181 tractus
1973 3111 2085 3182 iste
2141 3117 2464 3186 Americae

475 3202 869 3275 hominibus
924 3203 1004 3275 ha
1057 3209 1248 3275 itatur
1291 3202 1446 3276 feris
1494 3209 1568 3274 δε
1607 3201 2031 3297 sylvestribus.
2083 3209 2346 3280 Sextum
2389 3210 2462 3279 in.

430 3385 433 3388 Α
489 3304 581 3368 60
621 3298 897 3394 gradum
920 3350 942 3383 ‚
980 3306 1462 3398 Mageaanicum.
1510 3301 1865 3395 Septimum
1906 3298 1988 3370 ad
2030 3314 2116 3381 70
2156 3304 2466 3399 gradum,

486 3399 864 3492 Incognitum.
914 3392 1238 3463 octavum
1259 3393 1340 3463 ad
1360 3391 1633 3490 gradum
1657 3393 1770 3478 80,
1810 3399 2058 3482 Glactfale
2076 3399 2466 3493 Austrinumq

488 3486 772 3570 Nonum
796 3484 990 3579 usque
1010 3486 1090 3555 ad
1106 3487 1360 3569 Polum,
1391 3491 1591 3559 Potare
1613 3486 1990 3580 Austrinum,
2282 3548 2288 3554 .
2316 3529 2322 3534 -

436 3641 441 3644 ,
582 3581 757 3651 Situs
790 3579 1127 3682 cujussibet
1145 3580 1276 3653 loci
1300 3633 1323 3668 ‚
1363 3580 1547 3674 juxta
1567 3581 1736 3653 hunc
1763 3583 2033 3654 modum
2054 3586 2231 3658 nullo
2248 3607 2453 3681 nego·

488 3675 589 3745 tio
612 3674 1045 3771 cognoscetur
1242 3674 1470 3747 adibus
1485 3674 1861 3750 latitudinis,
1901 3673 2188 3775 Exempli
2215 3675 2450 3776 gratia:

481 3769 708 3852 Roma
730 3822 754 3861 ,
801 3769 1088 3846 Venetiae
1105 3831 1131 3860 ,
1275 3857 1286 3868 ,
1318 3774 1579 3846 Lutetia
1634 3769 2020 3873 Parisiorum
2041 3826 2065 3862 ‚
2109 3773 2240 3868 fitae
2259 3778 2453 3939 ἕξετε

1224 3915 1235 3920 -
2136 3891 2234 3963 40
2359 3892 2453 3962 5⁹
