<?xml version="1.0" encoding="UTF-8"?>
<!DOCTYPE html PUBLIC "-//W3C//DTD XHTML 1.0 Transitional//EN"
    "http://www.w3.org/TR/xhtml1/DTD/xhtml1-transitional.dtd">
<html xmlns="http://www.w3.org/1999/xhtml" xml:lang="en" lang="en">
 <head>
  <title>
</title>
<meta http-equiv="Content-Type" content="text/html;charset=utf-8" />
  <meta name='ocr-system' content='tesseract 3.04.00' />
  <meta name='ocr-capabilities' content='ocr_page ocr_carea ocr_par ocr_line ocrx_word'/>
</head>
<body>
  <div class='ocr_page' id='page_1' title='image "./guilielmiblaeui00hortgoog/guilielmiblaeui00hortgoog_0132.png"; bbox 0 0 2666 4469; ppageno 0'>
   <div class='ocr_carea' id='block_1_1' title="bbox 547 220 2206 289">
    <p class='ocr_par' dir='ltr' id='par_1_1' title="bbox 547 220 2206 289">
     <span class='ocr_line' id='line_1_1' title="bbox 547 220 2206 289; baseline -0.002 0"><span class='ocrx_word' id='word_1_1' title='bbox 547 222 652 289; x_wconf 69' lang='lat' dir='ltr'>iri</span> <span class='ocrx_word' id='word_1_2' title='bbox 930 220 1353 289; x_wconf 69' lang='lat' dir='ltr'><strong>DEvSv&#39;</strong></span> <span class='ocrx_word' id='word_1_3' title='bbox 1439 221 2206 287; x_wconf 82' lang='lat' dir='ltr'><strong>GLOBORVM&#39;</strong></span> 
     </span>
    </p>
   </div>
   <div class='ocr_carea' id='block_1_2' title="bbox 556 322 2513 519">
    <p class='ocr_par' dir='ltr' id='par_1_2' title="bbox 556 322 2513 519">
     <span class='ocr_line' id='line_1_2' title="bbox 556 322 2513 424; baseline 0.001 -28"><span class='ocrx_word' id='word_1_4' title='bbox 556 343 809 423; x_wconf 84' lang='lat' dir='ltr'>tempus</span> <span class='ocrx_word' id='word_1_5' title='bbox 836 380 857 413; x_wconf 91' lang='lat'>,</span> <span class='ocrx_word' id='word_1_6' title='bbox 902 350 981 397; x_wconf 89' lang='lat' dir='ltr'>ac</span> <span class='ocrx_word' id='word_1_7' title='bbox 1019 325 1207 399; x_wconf 88' lang='lat' dir='ltr'>facile</span> <span class='ocrx_word' id='word_1_8' title='bbox 1243 351 1359 424; x_wconf 88' lang='lat' dir='ltr'>per</span> <span class='ocrx_word' id='word_1_9' title='bbox 1386 348 1472 422; x_wconf 86' lang='lat'>32</span> <span class='ocrx_word' id='word_1_10' title='bbox 1491 322 1827 423; x_wconf 75' lang='lat' dir='ltr'>problema</span> <span class='ocrx_word' id='word_1_11' title='bbox 1860 326 1925 397; x_wconf 88' lang='lat' dir='ltr'>in</span> <span class='ocrx_word' id='word_1_12' title='bbox 1947 340 2176 396; x_wconf 91' lang='lat' dir='ltr'>eorum</span> <span class='ocrx_word' id='word_1_13' title='bbox 2197 326 2513 423; x_wconf 87' lang='lat' dir='ltr'>cognitio·</span> 
     </span>
     <span class='ocr_line' id='line_1_3' title="bbox 564 425 1087 519; baseline -0.002 -26"><span class='ocrx_word' id='word_1_14' title='bbox 564 443 712 494; x_wconf 87' lang='lat' dir='ltr'>nem</span> <span class='ocrx_word' id='word_1_15' title='bbox 736 425 1087 519; x_wconf 79' lang='lat' dir='ltr'>pervenire.</span> 
     </span>
    </p>
   </div>
   <div class='ocr_carea' id='block_1_3' title="bbox 565 565 2511 1045">
    <p class='ocr_par' dir='ltr' id='par_1_3' title="bbox 565 565 2511 1045">
     <span class='ocr_line' id='line_1_4' title="bbox 910 565 2149 682; baseline -0.002 -2"><span class='ocrx_word' id='word_1_16' title='bbox 910 565 2149 682; x_wconf 72' lang='lat' dir='ltr'>L111.PROBLEMA.</span> 
     </span>
     <span class='ocr_line' id='line_1_5' title="bbox 750 757 2320 866; baseline -0.003 -30"><span class='ocrx_word' id='word_1_17' title='bbox 750 758 1074 836; x_wconf 80' lang='lat' dir='ltr'><em>Duodecim</em></span> <span class='ocrx_word' id='word_1_18' title='bbox 1093 766 1212 832; x_wconf 83' lang='lat' dir='ltr'>caeli</span> <span class='ocrx_word' id='word_1_19' title='bbox 1230 762 1420 842; x_wconf 81' lang='lat' dir='ltr'>domos</span> <span class='ocrx_word' id='word_1_20' title='bbox 1431 771 1639 866; x_wconf 81' lang='lat' dir='ltr'>erigere</span> <span class='ocrx_word' id='word_1_21' title='bbox 1660 766 1909 860; x_wconf 67' lang='lat' dir='ltr'>benficia</span> <span class='ocrx_word' id='word_1_22' title='bbox 1919 762 2067 863; x_wconf 84' lang='lat' dir='ltr'><em>globi</em></span> <span class='ocrx_word' id='word_1_23' title='bbox 2083 757 2320 854; x_wconf 58' lang='lat' dir='ltr'>caelestis.</span> 
     </span>
     <span class='ocr_line' id='line_1_6' title="bbox 565 877 2511 1045; baseline -0.001 -95"><span class='ocrx_word' id='word_1_24' title='bbox 565 890 720 1045; x_wconf 87' lang='lat' dir='ltr'>A</span> <span class='ocrx_word' id='word_1_25' title='bbox 744 879 1037 976; x_wconf 86' lang='lat' dir='ltr'>Strologi</span> <span class='ocrx_word' id='word_1_26' title='bbox 1060 934 1082 966; x_wconf 81' lang='lat'>,</span> <span class='ocrx_word' id='word_1_27' title='bbox 1109 883 1246 991; x_wconf 36' lang='lat' dir='ltr'>‘qui</span> <span class='ocrx_word' id='word_1_28' title='bbox 1286 877 1372 950; x_wconf 91' lang='lat' dir='ltr'>de</span> <span class='ocrx_word' id='word_1_29' title='bbox 1408 881 1650 955; x_wconf 86' lang='lat' dir='ltr'>viribus</span> <span class='ocrx_word' id='word_1_30' title='bbox 1700 888 1776 953; x_wconf 77' lang='grc' dir='ltr'>δε</span> <span class='ocrx_word' id='word_1_31' title='bbox 1797 882 2142 954; x_wconf 86' lang='lat' dir='ltr'>influentiis</span> <span class='ocrx_word' id='word_1_32' title='bbox 2166 903 2511 977; x_wconf 89' lang='lat' dir='ltr'>corporum</span> 
     </span>
    </p>
   </div>
   <div class='ocr_carea' id='block_1_4' title="bbox 557 972 2516 1178">
    <p class='ocr_par' dir='ltr' id='par_1_4' title="bbox 557 972 2516 1178">
     <span class='ocr_line' id='line_1_7' title="bbox 742 972 2516 1075; baseline 0.001 -31"><span class='ocrx_word' id='word_1_33' title='bbox 742 974 1079 1045; x_wconf 82' lang='lat' dir='ltr'>caelestium</span> <span class='ocrx_word' id='word_1_34' title='bbox 1105 1000 1168 1043; x_wconf 82' lang='lat' dir='ltr'>in</span> <span class='ocrx_word' id='word_1_35' title='bbox 1194 974 1331 1044; x_wconf 82' lang='lat' dir='ltr'>haec</span> <span class='ocrx_word' id='word_1_36' title='bbox 1352 974 1653 1050; x_wconf 83' lang='lat' dir='ltr'>inferiora</span> <span class='ocrx_word' id='word_1_37' title='bbox 1670 998 1869 1075; x_wconf 85' lang='lat' dir='ltr'>agunt</span> <span class='ocrx_word' id='word_1_38' title='bbox 1894 1035 1913 1060; x_wconf 94' lang='lat'><em>,</em></span> <span class='ocrx_word' id='word_1_39' title='bbox 1949 978 2024 1049; x_wconf 72' lang='grc' dir='ltr'>ὅ(</span> <span class='ocrx_word' id='word_1_40' title='bbox 2044 979 2253 1048; x_wconf 90' lang='lat' dir='ltr'>futura</span> <span class='ocrx_word' id='word_1_41' title='bbox 2289 974 2429 1045; x_wconf 90' lang='lat' dir='ltr'>inde</span> <span class='ocrx_word' id='word_1_42' title='bbox 2453 972 2516 1045; x_wconf 88' lang='lat' dir='ltr'>se</span> 
     </span>
     <span class='ocr_line' id='line_1_8' title="bbox 557 1067 2513 1178; baseline 0 -42"><span class='ocrx_word' id='word_1_43' title='bbox 557 1067 936 1178; x_wconf 43' lang='lat' dir='ltr'>praedicere·</span> <span class='ocrx_word' id='word_1_44' title='bbox 971 1067 1152 1164; x_wconf 60' lang='lat' dir='ltr'>posse</span> <span class='ocrx_word' id='word_1_45' title='bbox 1214 1070 1575 1152; x_wconf 85' lang='lat' dir='ltr'>existimant</span> <span class='ocrx_word' id='word_1_46' title='bbox 1610 1132 1631 1158; x_wconf 85' lang='lat'><em>,</em></span> <span class='ocrx_word' id='word_1_47' title='bbox 1697 1094 1914 1148; x_wconf 91' lang='lat' dir='ltr'>totum</span> <span class='ocrx_word' id='word_1_48' title='bbox 1959 1073 2185 1145; x_wconf 84' lang='lat' dir='ltr'>caelum</span> <span class='ocrx_word' id='word_1_49' title='bbox 2230 1067 2513 1141; x_wconf 87' lang='lat' dir='ltr'>dividunt</span> 
     </span>
    </p>
   </div>
   <div class='ocr_carea' id='block_1_5' title="bbox 557 1160 2600 1261">
    <p class='ocr_par' dir='ltr' id='par_1_5' title="bbox 557 1160 2600 1261">
     <span class='ocr_line' id='line_1_9' title="bbox 557 1160 2600 1261; baseline -0.002 -29"><span class='ocrx_word' id='word_1_50' title='bbox 557 1165 627 1232; x_wconf 91' lang='lat' dir='ltr'>in</span> <span class='ocrx_word' id='word_1_51' title='bbox 660 1161 1008 1234; x_wconf 78' lang='lat' dir='ltr'>duodecim</span> <span class='ocrx_word' id='word_1_52' title='bbox 1033 1185 1242 1261; x_wconf 85' lang='lat' dir='ltr'>partes</span> <span class='ocrx_word' id='word_1_53' title='bbox 1268 1216 1291 1249; x_wconf 90' lang='lat'>,</span> <span class='ocrx_word' id='word_1_54' title='bbox 1339 1189 1499 1260; x_wconf 87' lang='lat' dir='ltr'>quas</span> <span class='ocrx_word' id='word_1_55' title='bbox 1522 1173 1736 1239; x_wconf 80' lang='lat' dir='ltr'><em>Domos</em></span> <span class='ocrx_word' id='word_1_56' title='bbox 1769 1187 2027 1240; x_wconf 87' lang='lat' dir='ltr'>vocant.</span> <span class='ocrx_word' id='word_1_57' title='bbox 2094 1172 2256 1236; x_wconf 85' lang='lat' dir='ltr'>Haec</span> <span class='ocrx_word' id='word_1_58' title='bbox 2295 1160 2508 1234; x_wconf 84' lang='lat' dir='ltr'>divifio</span> <span class='ocrx_word' id='word_1_59' title='bbox 2597 1225 2600 1228; x_wconf 84' lang='lat'>.</span> 
     </span>
    </p>
   </div>
   <div class='ocr_carea' id='block_1_6' title="bbox 552 1254 2528 2676">
    <p class='ocr_par' dir='ltr' id='par_1_6' title="bbox 552 1254 2528 2676">
     <span class='ocr_line' id='line_1_10' title="bbox 558 1254 2509 1358; baseline -0.002 -31"><span class='ocrx_word' id='word_1_60' title='bbox 558 1255 640 1327; x_wconf 85' lang='lat' dir='ltr'>fit</span> <span class='ocrx_word' id='word_1_61' title='bbox 661 1279 773 1353; x_wconf 86' lang='lat' dir='ltr'>per</span> <span class='ocrx_word' id='word_1_62' title='bbox 796 1254 900 1328; x_wconf 87' lang='lat' dir='ltr'>sex</span> <span class='ocrx_word' id='word_1_63' title='bbox 919 1260 1198 1330; x_wconf 89' lang='lat' dir='ltr'>circulos</span> <span class='ocrx_word' id='word_1_64' title='bbox 1214 1269 1557 1346; x_wconf 82' lang='lat' dir='ltr'>maximos,</span> <span class='ocrx_word' id='word_1_65' title='bbox 1581 1283 1975 1333; x_wconf 88' lang='lat' dir='ltr'>transeuntes</span> <span class='ocrx_word' id='word_1_66' title='bbox 1999 1283 2113 1358; x_wconf 90' lang='lat' dir='ltr'>per</span> <span class='ocrx_word' id='word_1_67' title='bbox 2133 1258 2267 1331; x_wconf 90' lang='lat' dir='ltr'>duo</span> <span class='ocrx_word' id='word_1_68' title='bbox 2287 1256 2509 1353; x_wconf 58' lang='lat' dir='ltr'>puncta</span> 
     </span>
     <span class='ocr_line' id='line_1_11' title="bbox 558 1350 2513 1451; baseline -0.002 -30"><span class='ocrx_word' id='word_1_69' title='bbox 558 1350 862 1448; x_wconf 86' lang='lat' dir='ltr'>oppofita</span> <span class='ocrx_word' id='word_1_70' title='bbox 881 1373 1183 1450; x_wconf 89' lang='lat' dir='ltr'>tanquam</span> <span class='ocrx_word' id='word_1_71' title='bbox 1207 1354 1405 1425; x_wconf 89' lang='lat' dir='ltr'>Polos</span> <span class='ocrx_word' id='word_1_72' title='bbox 1431 1408 1452 1439; x_wconf 92' lang='lat'><strong>‚</strong></span> <span class='ocrx_word' id='word_1_73' title='bbox 1493 1379 1867 1426; x_wconf 88' lang='lat' dir='ltr'>communes</span> <span class='ocrx_word' id='word_1_74' title='bbox 1888 1380 2119 1451; x_wconf 86' lang='lat' dir='ltr'>nempe</span> <span class='ocrx_word' id='word_1_75' title='bbox 2158 1351 2513 1426; x_wconf 84' lang='lat' dir='ltr'>horizontis</span> 
     </span>
     <span class='ocr_line' id='line_1_12' title="bbox 562 1445 2515 1528; baseline -0.002 -12"><span class='ocrx_word' id='word_1_76' title='bbox 562 1450 638 1528; x_wconf 85' lang='lat'>&amp;</span> <span class='ocrx_word' id='word_1_77' title='bbox 662 1446 991 1519; x_wconf 88' lang='lat' dir='ltr'>meridiani</span> <span class='ocrx_word' id='word_1_78' title='bbox 1032 1446 1503 1519; x_wconf 60' lang='lat' dir='ltr'>interfectiones</span> <span class='ocrx_word' id='word_1_79' title='bbox 1540 1448 1748 1520; x_wconf 87' lang='lat' dir='ltr'>versus</span> <span class='ocrx_word' id='word_1_80' title='bbox 1790 1448 2054 1519; x_wconf 85' lang='lat' dir='ltr'>boream</span> <span class='ocrx_word' id='word_1_81' title='bbox 2102 1452 2177 1515; x_wconf 89' lang='lat'>&amp;</span> <span class='ocrx_word' id='word_1_82' title='bbox 2197 1445 2515 1527; x_wconf 82' lang='lat' dir='ltr'>austrum3</span> 
     </span>
     <span class='ocr_line' id='line_1_13' title="bbox 561 1538 2520 1636; baseline -0.001 -29"><span class='ocrx_word' id='word_1_83' title='bbox 561 1544 870 1636; x_wconf 73' lang='lat' dir='ltr'>praecipui</span> <span class='ocrx_word' id='word_1_84' title='bbox 931 1564 1014 1611; x_wconf 82' lang='lat' dir='ltr'>ex</span> <span class='ocrx_word' id='word_1_85' title='bbox 1075 1540 1225 1612; x_wconf 74' lang='lat' dir='ltr'>illis.</span> <span class='ocrx_word' id='word_1_86' title='bbox 1262 1539 1403 1612; x_wconf 76' lang='lat' dir='ltr'>filnt</span> <span class='ocrx_word' id='word_1_87' title='bbox 1442 1543 1822 1613; x_wconf 89' lang='lat' dir='ltr'>meridianus</span> <span class='ocrx_word' id='word_1_88' title='bbox 1872 1548 1947 1611; x_wconf 87' lang='lat'>&amp;</span> <span class='ocrx_word' id='word_1_89' title='bbox 1992 1541 2269 1610; x_wconf 86' lang='lat' dir='ltr'>horizon</span> <span class='ocrx_word' id='word_1_90' title='bbox 2301 1573 2335 1622; x_wconf 85' lang='lat'>·,</span> <span class='ocrx_word' id='word_1_91' title='bbox 2401 1538 2520 1631; x_wconf 80' lang='lat' dir='ltr'>qui</span> 
     </span>
     <span class='ocr_line' id='line_1_14' title="bbox 558 1630 2518 1739; baseline -0.001 -38"><span class='ocrx_word' id='word_1_92' title='bbox 558 1632 783 1702; x_wconf 83' lang='lat' dir='ltr'>caelum</span> <span class='ocrx_word' id='word_1_93' title='bbox 805 1630 1060 1739; x_wconf 65' lang='lat' dir='ltr'>,semper</span> <span class='ocrx_word' id='word_1_94' title='bbox 1102 1633 1399 1704; x_wconf 82' lang='lat' dir='ltr'>dividunt</span> <span class='ocrx_word' id='word_1_95' title='bbox 1439 1639 1506 1706; x_wconf 90' lang='lat' dir='ltr'>in</span> <span class='ocrx_word' id='word_1_96' title='bbox 1548 1657 1595 1727; x_wconf 90' lang='lat'>4</span> <span class='ocrx_word' id='word_1_97' title='bbox 1638 1659 1848 1729; x_wconf 86' lang='lat' dir='ltr'>partes</span> <span class='ocrx_word' id='word_1_98' title='bbox 1894 1633 2166 1731; x_wconf 81' lang='lat' dir='ltr'>aequales</span> <span class='ocrx_word' id='word_1_99' title='bbox 2213 1656 2234 1699; x_wconf 71' lang='grc' dir='ltr'><strong>ε</strong></span> <span class='ocrx_word' id='word_1_100' title='bbox 2302 1633 2518 1701; x_wconf 84' lang='lat' dir='ltr'>caeteri</span> 
     </span>
     <span class='ocr_line' id='line_1_15' title="bbox 555 1725 2518 1827; baseline 0 -34"><span class='ocrx_word' id='word_1_101' title='bbox 555 1744 835 1818; x_wconf 83' lang='lat' dir='ltr'>quatuor</span> <span class='ocrx_word' id='word_1_102' title='bbox 857 1777 881 1811; x_wconf 87' lang='lat'><strong>,</strong></span> <span class='ocrx_word' id='word_1_103' title='bbox 931 1733 978 1797; x_wconf 80' lang='lat'>11</span> <span class='ocrx_word' id='word_1_104' title='bbox 1025 1725 1387 1797; x_wconf 85' lang='lat' dir='ltr'>indicantur</span> <span class='ocrx_word' id='word_1_105' title='bbox 1427 1751 1542 1827; x_wconf 89' lang='lat' dir='ltr'>per</span> <span class='ocrx_word' id='word_1_106' title='bbox 1585 1730 1898 1801; x_wconf 90' lang='lat' dir='ltr'>circulum</span> <span class='ocrx_word' id='word_1_107' title='bbox 1938 1726 2298 1825; x_wconf 84' lang='lat' dir='ltr'>pofitionis.</span> <span class='ocrx_word' id='word_1_108' title='bbox 2372 1726 2518 1795; x_wconf 88' lang='lat' dir='ltr'>Bini</span> 
     </span>
     <span class='ocr_line' id='line_1_16' title="bbox 555 1815 2519 1921; baseline 0.002 -34"><span class='ocrx_word' id='word_1_109' title='bbox 555 1815 940 1912; x_wconf 81' lang='lat' dir='ltr'>quadrantes</span> <span class='ocrx_word' id='word_1_110' title='bbox 984 1821 1447 1914; x_wconf 68' lang='lat' dir='ltr'>aequinostialis</span> <span class='ocrx_word' id='word_1_111' title='bbox 1493 1819 1675 1921; x_wconf 88' lang='lat' dir='ltr'>supra</span> <span class='ocrx_word' id='word_1_112' title='bbox 1721 1825 2137 1896; x_wconf 86' lang='lat' dir='ltr'>horizontem</span> <span class='ocrx_word' id='word_1_113' title='bbox 2167 1820 2519 1892; x_wconf 83' lang='lat' dir='ltr'>existentes</span> 
     </span>
     <span class='ocr_line' id='line_1_17' title="bbox 556 1912 2517 2013; baseline 0.002 -33"><span class='ocrx_word' id='word_1_114' title='bbox 556 1912 929 1990; x_wconf 89' lang='lat' dir='ltr'>dividuntur</span> <span class='ocrx_word' id='word_1_115' title='bbox 952 1919 1016 1986; x_wconf 90' lang='lat' dir='ltr'>in</span> <span class='ocrx_word' id='word_1_116' title='bbox 1042 1935 1167 1987; x_wconf 88' lang='lat' dir='ltr'>tres</span> <span class='ocrx_word' id='word_1_117' title='bbox 1187 1937 1400 2011; x_wconf 86' lang='lat' dir='ltr'>partes</span> <span class='ocrx_word' id='word_1_118' title='bbox 1423 1922 1692 2013; x_wconf 87' lang='lat' dir='ltr'>aequales</span> <span class='ocrx_word' id='word_1_119' title='bbox 1714 1973 1735 2004; x_wconf 92' lang='lat'><strong>‚</strong></span> <span class='ocrx_word' id='word_1_120' title='bbox 1788 1924 1862 1989; x_wconf 90' lang='lat'>&amp;</span> <span class='ocrx_word' id='word_1_121' title='bbox 1886 1918 2160 1990; x_wconf 84' lang='lat' dir='ltr'>circulus</span> <span class='ocrx_word' id='word_1_122' title='bbox 2182 1913 2517 2012; x_wconf 72' lang='lat' dir='ltr'>positionis</span> 
     </span>
     <span class='ocr_line' id='line_1_18' title="bbox 556 2006 2521 2128; baseline 0.001 -51"><span class='ocrx_word' id='word_1_123' title='bbox 556 2009 776 2128; x_wconf 30' lang='lat' dir='ltr'>(cujzus</span> <span class='ocrx_word' id='word_1_124' title='bbox 814 2014 1249 2085; x_wconf 84' lang='lat' dir='ltr'>extremitates</span> <span class='ocrx_word' id='word_1_125' title='bbox 1291 2013 1439 2083; x_wconf 85' lang='lat' dir='ltr'>Poli</span> <span class='ocrx_word' id='word_1_126' title='bbox 1478 2014 1649 2085; x_wconf 86' lang='lat' dir='ltr'>affixi</span> <span class='ocrx_word' id='word_1_127' title='bbox 1688 2012 1827 2085; x_wconf 87' lang='lat' dir='ltr'>sunt</span> <span class='ocrx_word' id='word_1_128' title='bbox 1849 2012 2095 2084; x_wconf 88' lang='lat' dir='ltr'>duabus</span> <span class='ocrx_word' id='word_1_129' title='bbox 2130 2006 2521 2082; x_wconf 68' lang='lat' dir='ltr'>interseffio-</span> 
     </span>
     <span class='ocr_line' id='line_1_19' title="bbox 552 2102 2520 2205; baseline -0.001 -30"><span class='ocrx_word' id='word_1_130' title='bbox 552 2102 749 2176; x_wconf 81' lang='lat' dir='ltr'>nibus</span> <span class='ocrx_word' id='word_1_131' title='bbox 784 2103 1144 2177; x_wconf 89' lang='lat' dir='ltr'>horizontis</span> <span class='ocrx_word' id='word_1_132' title='bbox 1193 2111 1268 2177; x_wconf 79' lang='grc' dir='ltr'>δε</span> <span class='ocrx_word' id='word_1_133' title='bbox 1300 2107 1686 2201; x_wconf 88' lang='lat' dir='ltr'>meridiani)</span> <span class='ocrx_word' id='word_1_134' title='bbox 1749 2108 1834 2179; x_wconf 91' lang='lat' dir='ltr'>ab</span> <span class='ocrx_word' id='word_1_135' title='bbox 1874 2129 2141 2205; x_wconf 89' lang='lat' dir='ltr'>utraque</span> <span class='ocrx_word' id='word_1_136' title='bbox 2185 2103 2520 2178; x_wconf 89' lang='lat' dir='ltr'>meridiani</span> 
     </span>
     <span class='ocr_line' id='line_1_20' title="bbox 557 2197 2522 2299; baseline -0.001 -29"><span class='ocrx_word' id='word_1_137' title='bbox 557 2217 744 2296; x_wconf 88' lang='lat' dir='ltr'>parte</span> <span class='ocrx_word' id='word_1_138' title='bbox 770 2197 1092 2273; x_wconf 84' lang='lat' dir='ltr'>attollitur</span> <span class='ocrx_word' id='word_1_139' title='bbox 1108 2199 1189 2273; x_wconf 92' lang='lat' dir='ltr'>ad</span> <span class='ocrx_word' id='word_1_140' title='bbox 1210 2203 1443 2299; x_wconf 72' lang='lat' dir='ltr'>pun&amp;a</span> <span class='ocrx_word' id='word_1_141' title='bbox 1463 2204 1631 2278; x_wconf 85' lang='lat' dir='ltr'>illius</span> <span class='ocrx_word' id='word_1_142' title='bbox 1658 2202 1992 2295; x_wconf 69' lang='lat' dir='ltr'>divifionis</span> <span class='ocrx_word' id='word_1_143' title='bbox 2004 2257 2024 2289; x_wconf 92' lang='lat'>,</span> <span class='ocrx_word' id='word_1_144' title='bbox 2065 2222 2258 2298; x_wconf 90' lang='lat' dir='ltr'>atque</span> <span class='ocrx_word' id='word_1_145' title='bbox 2277 2202 2395 2272; x_wconf 91' lang='lat' dir='ltr'>hac</span> <span class='ocrx_word' id='word_1_146' title='bbox 2415 2220 2522 2269; x_wconf 91' lang='lat' dir='ltr'>ra-</span> 
     </span>
     <span class='ocr_line' id='line_1_21' title="bbox 556 2294 2523 2394; baseline 0.001 -32"><span class='ocrx_word' id='word_1_147' title='bbox 556 2296 736 2364; x_wconf 89' lang='lat' dir='ltr'>tione</span> <span class='ocrx_word' id='word_1_148' title='bbox 752 2295 1027 2388; x_wconf 87' lang='lat' dir='ltr'>quilibet</span> <span class='ocrx_word' id='word_1_149' title='bbox 1048 2294 1303 2368; x_wconf 89' lang='lat' dir='ltr'>illorum</span> <span class='ocrx_word' id='word_1_150' title='bbox 1324 2296 1463 2368; x_wconf 86' lang='lat' dir='ltr'>caeli</span> <span class='ocrx_word' id='word_1_151' title='bbox 1483 2299 1929 2394; x_wconf 83' lang='lat' dir='ltr'>quadrantium</span> <span class='ocrx_word' id='word_1_152' title='bbox 1971 2296 2278 2368; x_wconf 84' lang='lat' dir='ltr'>dividitur</span> <span class='ocrx_word' id='word_1_153' title='bbox 2298 2300 2363 2365; x_wconf 89' lang='lat' dir='ltr'>in</span> <span class='ocrx_word' id='word_1_154' title='bbox 2387 2314 2523 2365; x_wconf 88' lang='lat' dir='ltr'>tres</span> 
     </span>
     <span class='ocr_line' id='line_1_22' title="bbox 556 2387 2525 2484; baseline 0.004 -29"><span class='ocrx_word' id='word_1_155' title='bbox 556 2406 769 2483; x_wconf 87' lang='lat' dir='ltr'>partes</span> <span class='ocrx_word' id='word_1_156' title='bbox 795 2439 818 2473; x_wconf 86' lang='lat'>,</span> <span class='ocrx_word' id='word_1_157' title='bbox 868 2391 1031 2459; x_wconf 89' lang='lat' dir='ltr'>inter</span> <span class='ocrx_word' id='word_1_158' title='bbox 1075 2388 1484 2462; x_wconf 88' lang='lat' dir='ltr'>horizontem</span> <span class='ocrx_word' id='word_1_159' title='bbox 1536 2398 1611 2463; x_wconf 87' lang='lat'>&amp;</span> <span class='ocrx_word' id='word_1_160' title='bbox 1651 2392 2073 2463; x_wconf 89' lang='lat' dir='ltr'>meridianum</span> <span class='ocrx_word' id='word_1_161' title='bbox 2100 2443 2122 2477; x_wconf 91' lang='lat'>‚</span> <span class='ocrx_word' id='word_1_162' title='bbox 2173 2412 2316 2484; x_wconf 78' lang='lat' dir='ltr'>quae</span> <span class='ocrx_word' id='word_1_163' title='bbox 2336 2387 2525 2464; x_wconf 87' lang='lat' dir='ltr'>fimul</span> 
     </span>
     <span class='ocr_line' id='line_1_23' title="bbox 555 2477 2521 2582; baseline 0.003 -33"><span class='ocrx_word' id='word_1_164' title='bbox 555 2477 946 2551; x_wconf 86' lang='lat' dir='ltr'>constituunt</span> <span class='ocrx_word' id='word_1_165' title='bbox 992 2483 1101 2555; x_wconf 83' lang='lat' dir='ltr'>sex</span> <span class='ocrx_word' id='word_1_166' title='bbox 1146 2483 1388 2555; x_wconf 86' lang='lat' dir='ltr'>domos</span> <span class='ocrx_word' id='word_1_167' title='bbox 1443 2481 1628 2582; x_wconf 89' lang='lat' dir='ltr'>supra</span> <span class='ocrx_word' id='word_1_168' title='bbox 1673 2488 2082 2557; x_wconf 85' lang='lat' dir='ltr'>horizontem</span> <span class='ocrx_word' id='word_1_169' title='bbox 2125 2484 2470 2555; x_wconf 81' lang='lat' dir='ltr'>existentes</span> <span class='ocrx_word' id='word_1_170' title='bbox 2495 2509 2521 2554; x_wconf 73' lang='grc' dir='ltr'><strong><em>ε</em></strong></span> 
     </span>
     <span class='ocr_line' id='line_1_24' title="bbox 552 2575 2528 2676; baseline 0.004 -33"><span class='ocrx_word' id='word_1_171' title='bbox 552 2593 765 2669; x_wconf 80' lang='lat' dir='ltr'>partes</span> <span class='ocrx_word' id='word_1_172' title='bbox 809 2598 966 2646; x_wconf 91' lang='lat' dir='ltr'>vero</span> <span class='ocrx_word' id='word_1_173' title='bbox 1007 2601 1090 2653; x_wconf 86' lang='lat' dir='ltr'>ex</span> <span class='ocrx_word' id='word_1_174' title='bbox 1109 2577 1374 2653; x_wconf 85' lang='lat' dir='ltr'>adverso</span> <span class='ocrx_word' id='word_1_175' title='bbox 1407 2575 1531 2650; x_wconf 89' lang='lat' dir='ltr'>illis</span> <span class='ocrx_word' id='word_1_176' title='bbox 1550 2579 1864 2676; x_wconf 83' lang='lat' dir='ltr'>oppofitae</span> <span class='ocrx_word' id='word_1_177' title='bbox 1880 2578 1995 2650; x_wconf 73' lang='lat' dir='ltr'>iub</span> <span class='ocrx_word' id='word_1_178' title='bbox 2012 2578 2355 2650; x_wconf 89' lang='lat' dir='ltr'>horizonte</span> <span class='ocrx_word' id='word_1_179' title='bbox 2377 2578 2528 2650; x_wconf 84' lang='lat' dir='ltr'>effi-</span> 
     </span>
    </p>
   </div>
   <div class='ocr_carea' id='block_1_7' title="bbox 2623 461 2626 512">
    <p class='ocr_par' dir='ltr' id='par_1_7' title="bbox 2623 461 2626 512">
     <span class='ocr_line' id='line_1_25' title="bbox 2623 461 2626 492; baseline 0 0"><span class='ocrx_word' id='word_1_180' title='bbox 2623 461 2626 492; x_wconf 53' lang='lat' dir='ltr'>l</span> 
     </span>
     <span class='ocr_line' id='line_1_26' title="bbox 2625 495 2626 512; baseline 0 0"><span class='ocrx_word' id='word_1_181' title='bbox 2625 495 2626 512; x_wconf 60' lang='grc' dir='ltr'>ι</span> 
     </span>
    </p>
   </div>
   <div class='ocr_carea' id='block_1_8' title="bbox 486 2671 2630 2768">
    <p class='ocr_par' dir='ltr' id='par_1_8' title="bbox 486 2671 2630 2768">
     <span class='ocr_line' id='line_1_27' title="bbox 486 2671 2630 2768; baseline 0.003 -25"><span class='ocrx_word' id='word_1_182' title='bbox 486 2700 487 2703; x_wconf 63' lang='grc'>’</span> <span class='ocrx_word' id='word_1_183' title='bbox 554 2674 734 2743; x_wconf 81' lang='lat' dir='ltr'>ciunt</span> <span class='ocrx_word' id='word_1_184' title='bbox 773 2678 817 2742; x_wconf 90' lang='lat'><em>6</em></span> <span class='ocrx_word' id='word_1_185' title='bbox 843 2673 1137 2746; x_wconf 87' lang='lat' dir='ltr'>refiduas.</span> <span class='ocrx_word' id='word_1_186' title='bbox 1212 2676 1335 2744; x_wconf 87' lang='lat' dir='ltr'>Per</span> <span class='ocrx_word' id='word_1_187' title='bbox 1377 2671 1498 2742; x_wconf 87' lang='lat' dir='ltr'>hos</span> <span class='ocrx_word' id='word_1_188' title='bbox 1544 2673 1821 2745; x_wconf 84' lang='lat' dir='ltr'>circulos</span> <span class='ocrx_word' id='word_1_189' title='bbox 1867 2672 2175 2745; x_wconf 87' lang='lat' dir='ltr'>dividitur</span> <span class='ocrx_word' id='word_1_190' title='bbox 2192 2675 2526 2768; x_wconf 86' lang='lat' dir='ltr'>AEquino-</span> <span class='ocrx_word' id='word_1_191' title='bbox 2629 2732 2630 2749; x_wconf 61' lang='grc'>,</span> 
     </span>
    </p>
   </div>
   <div class='ocr_carea' id='block_1_9' title="bbox 550 2765 2538 3996">
    <p class='ocr_par' dir='ltr' id='par_1_9' title="bbox 550 2765 2538 3996">
     <span class='ocr_line' id='line_1_28' title="bbox 555 2765 2526 2867; baseline -0.001 -27"><span class='ocrx_word' id='word_1_192' title='bbox 555 2768 762 2840; x_wconf 68' lang='lat' dir='ltr'>&amp;ialis</span> <span class='ocrx_word' id='word_1_193' title='bbox 784 2772 848 2840; x_wconf 91' lang='lat' dir='ltr'>in</span> <span class='ocrx_word' id='word_1_194' title='bbox 877 2794 960 2842; x_wconf 89' lang='lat'>12</span> <span class='ocrx_word' id='word_1_195' title='bbox 981 2788 1190 2864; x_wconf 87' lang='lat' dir='ltr'>partes</span> <span class='ocrx_word' id='word_1_196' title='bbox 1211 2765 1483 2864; x_wconf 87' lang='lat' dir='ltr'>aequales</span> <span class='ocrx_word' id='word_1_197' title='bbox 1504 2820 1525 2852; x_wconf 85' lang='lat'>,</span> <span class='ocrx_word' id='word_1_198' title='bbox 1574 2769 1892 2867; x_wconf 84' lang='lat' dir='ltr'>Ecliptica</span> <span class='ocrx_word' id='word_1_199' title='bbox 1908 2770 1973 2839; x_wconf 89' lang='lat' dir='ltr'>ln</span> <span class='ocrx_word' id='word_1_200' title='bbox 1994 2767 2272 2838; x_wconf 89' lang='lat' dir='ltr'>totidem</span> <span class='ocrx_word' id='word_1_201' title='bbox 2301 2788 2526 2863; x_wconf 89' lang='lat' dir='ltr'>partes</span> 
     </span>
     <span class='ocr_line' id='line_1_29' title="bbox 555 2860 2529 2961; baseline -0.003 -24"><span class='ocrx_word' id='word_1_202' title='bbox 555 2865 922 2961; x_wconf 82' lang='lat' dir='ltr'>inaequales.</span> <span class='ocrx_word' id='word_1_203' title='bbox 991 2864 1407 2958; x_wconf 86' lang='lat' dir='ltr'>Inaequalium</span> <span class='ocrx_word' id='word_1_204' title='bbox 1448 2882 1659 2933; x_wconf 91' lang='lat' dir='ltr'>autem</span> <span class='ocrx_word' id='word_1_205' title='bbox 1702 2868 1979 2961; x_wconf 86' lang='lat' dir='ltr'>partium</span> <span class='ocrx_word' id='word_1_206' title='bbox 2013 2864 2223 2958; x_wconf 90' lang='lat' dir='ltr'>major</span> <span class='ocrx_word' id='word_1_207' title='bbox 2246 2860 2529 2932; x_wconf 89' lang='lat' dir='ltr'>habetur</span> 
     </span>
     <span class='ocr_line' id='line_1_30' title="bbox 553 2954 2530 3049; baseline -0.004 -13"><span class='ocrx_word' id='word_1_208' title='bbox 553 2964 726 3037; x_wconf 82' lang='lat' dir='ltr'>ratio</span> <span class='ocrx_word' id='word_1_209' title='bbox 747 3015 769 3049; x_wconf 91' lang='lat'>‚</span> <span class='ocrx_word' id='word_1_210' title='bbox 817 2985 896 3032; x_wconf 88' lang='lat' dir='ltr'>ac</span> <span class='ocrx_word' id='word_1_211' title='bbox 937 2978 1239 3031; x_wconf 84' lang='lat' dir='ltr'>notantur</span> <span class='ocrx_word' id='word_1_212' title='bbox 1277 2954 1575 3043; x_wconf 75' lang='lat' dir='ltr'>seorsim,</span> <span class='ocrx_word' id='word_1_213' title='bbox 1624 2979 1694 3028; x_wconf 91' lang='lat' dir='ltr'>ut</span> <span class='ocrx_word' id='word_1_214' title='bbox 1717 2961 1969 3030; x_wconf 85' lang='lat' dir='ltr'>termini</span> <span class='ocrx_word' id='word_1_215' title='bbox 2005 2957 2077 3027; x_wconf 74' lang='grc' dir='ltr'>δε</span> <span class='ocrx_word' id='word_1_216' title='bbox 2102 2977 2269 3028; x_wconf 82' lang='lat' dir='ltr'>notae</span> <span class='ocrx_word' id='word_1_217' title='bbox 2290 2960 2530 3028; x_wconf 89' lang='lat' dir='ltr'>initio-</span> 
     </span>
     <span class='ocr_line' id='line_1_31' title="bbox 553 3052 2531 3130; baseline -0.004 -1"><span class='ocrx_word' id='word_1_218' title='bbox 553 3081 697 3130; x_wconf 91' lang='lat' dir='ltr'>rum</span> <span class='ocrx_word' id='word_1_219' title='bbox 740 3056 1006 3126; x_wconf 85' lang='lat' dir='ltr'>istorum</span> <span class='ocrx_word' id='word_1_220' title='bbox 1042 3053 1547 3125; x_wconf 85' lang='lat' dir='ltr'>domiciliorum.</span> <span class='ocrx_word' id='word_1_221' title='bbox 1626 3054 1821 3124; x_wconf 86' lang='lat' dir='ltr'>Ordo</span> <span class='ocrx_word' id='word_1_222' title='bbox 1867 3058 1942 3123; x_wconf 76' lang='grc' dir='ltr'>δε</span> <span class='ocrx_word' id='word_1_223' title='bbox 1986 3055 2343 3122; x_wconf 83' lang='lat' dir='ltr'>numeratio</span> <span class='ocrx_word' id='word_1_224' title='bbox 2390 3052 2531 3123; x_wconf 91' lang='lat' dir='ltr'>do-</span> 
     </span>
     <span class='ocr_line' id='line_1_32' title="bbox 553 3142 2528 3243; baseline -0.003 -18"><span class='ocrx_word' id='word_1_225' title='bbox 553 3142 813 3225; x_wconf 87' lang='lat' dir='ltr'>morum</span> <span class='ocrx_word' id='word_1_226' title='bbox 880 3152 1132 3218; x_wconf 91' lang='lat' dir='ltr'>initium</span> <span class='ocrx_word' id='word_1_227' title='bbox 1202 3150 1375 3243; x_wconf 87' lang='lat' dir='ltr'>capit</span> <span class='ocrx_word' id='word_1_228' title='bbox 1433 3146 1516 3217; x_wconf 86' lang='lat' dir='ltr'>ab</span> <span class='ocrx_word' id='word_1_229' title='bbox 1562 3151 1811 3218; x_wconf 89' lang='lat' dir='ltr'>oriente</span> <span class='ocrx_word' id='word_1_230' title='bbox 1874 3144 2039 3216; x_wconf 85' lang='lat' dir='ltr'>infra</span> <span class='ocrx_word' id='word_1_231' title='bbox 2099 3144 2528 3220; x_wconf 84' lang='lat' dir='ltr'>horizontem</span> 
     </span>
     <span class='ocr_line' id='line_1_33' title="bbox 555 3239 2526 3336; baseline -0.002 -20"><span class='ocrx_word' id='word_1_232' title='bbox 555 3243 861 3316; x_wconf 90' lang='lat' dir='ltr'>deorsum</span> <span class='ocrx_word' id='word_1_233' title='bbox 902 3239 1230 3313; x_wconf 89' lang='lat' dir='ltr'>tendendo</span> <span class='ocrx_word' id='word_1_234' title='bbox 1254 3295 1275 3326; x_wconf 87' lang='lat'>,</span> <span class='ocrx_word' id='word_1_235' title='bbox 1326 3244 1416 3310; x_wconf 90' lang='lat' dir='ltr'>ita</span> <span class='ocrx_word' id='word_1_236' title='bbox 1460 3260 1529 3310; x_wconf 92' lang='lat' dir='ltr'>ut</span> <span class='ocrx_word' id='word_1_237' title='bbox 1570 3247 1615 3308; x_wconf 91' lang='lat'>6</span> <span class='ocrx_word' id='word_1_238' title='bbox 1635 3245 1880 3335; x_wconf 87' lang='lat' dir='ltr'>priores</span> <span class='ocrx_word' id='word_1_239' title='bbox 1904 3259 2218 3336; x_wconf 86' lang='lat' dir='ltr'>perpetuo</span> <span class='ocrx_word' id='word_1_240' title='bbox 2255 3239 2376 3312; x_wconf 85' lang='lat' dir='ltr'>fint</span> <span class='ocrx_word' id='word_1_241' title='bbox 2400 3240 2526 3313; x_wconf 89' lang='lat' dir='ltr'>sub</span> 
     </span>
     <span class='ocr_line' id='line_1_34' title="bbox 559 3331 2527 3431; baseline -0.005 -16"><span class='ocrx_word' id='word_1_242' title='bbox 559 3342 904 3415; x_wconf 86' lang='lat' dir='ltr'>horizonte</span> <span class='ocrx_word' id='word_1_243' title='bbox 927 3393 948 3425; x_wconf 88' lang='lat'><strong>,</strong></span> <span class='ocrx_word' id='word_1_244' title='bbox 978 3342 1051 3408; x_wconf 87' lang='lat'>&amp;</span> <span class='ocrx_word' id='word_1_245' title='bbox 1075 3343 1116 3405; x_wconf 90' lang='grc'><em>6</em></span> <span class='ocrx_word' id='word_1_246' title='bbox 1136 3336 1393 3429; x_wconf 87' lang='lat' dir='ltr'>reliquae</span> <span class='ocrx_word' id='word_1_247' title='bbox 1410 3331 1591 3430; x_wconf 75' lang='lat' dir='ltr'>supra</span> <span class='ocrx_word' id='word_1_248' title='bbox 1611 3360 1781 3406; x_wconf 89' lang='lat' dir='ltr'>eum.</span> <span class='ocrx_word' id='word_1_249' title='bbox 1853 3336 2225 3429; x_wconf 84' lang='lat' dir='ltr'>Praecipuae,</span> <span class='ocrx_word' id='word_1_250' title='bbox 2255 3343 2328 3408; x_wconf 88' lang='lat'>&amp;</span> <span class='ocrx_word' id='word_1_251' title='bbox 2350 3359 2527 3431; x_wconf 85' lang='lat' dir='ltr'>qua-</span> 
     </span>
     <span class='ocr_line' id='line_1_35' title="bbox 550 3425 2528 3528; baseline -0.002 -21"><span class='ocrx_word' id='word_1_252' title='bbox 550 3459 704 3507; x_wconf 89' lang='lat' dir='ltr'>-rum</span> <span class='ocrx_word' id='word_1_253' title='bbox 725 3436 933 3528; x_wconf 88' lang='lat' dir='ltr'>major</span> <span class='ocrx_word' id='word_1_254' title='bbox 953 3431 1041 3502; x_wconf 88' lang='lat' dir='ltr'>est</span> <span class='ocrx_word' id='word_1_255' title='bbox 1064 3430 1517 3514; x_wconf 69' lang='lat' dir='ltr'>consideratio,</span> <span class='ocrx_word' id='word_1_256' title='bbox 1541 3425 1686 3501; x_wconf 90' lang='lat' dir='ltr'>sunt</span> <span class='ocrx_word' id='word_1_257' title='bbox 1709 3448 2010 3525; x_wconf 89' lang='lat' dir='ltr'>quatuor.</span> <span class='ocrx_word' id='word_1_258' title='bbox 2080 3434 2296 3504; x_wconf 83' lang='lat' dir='ltr'>Prima</span> <span class='ocrx_word' id='word_1_259' title='bbox 2320 3446 2342 3518; x_wconf 78' lang='lat'>‚&#39;</span> <span class='ocrx_word' id='word_1_260' title='bbox 2367 3455 2528 3527; x_wconf 69' lang='lat' dir='ltr'>quae</span> 
     </span>
     <span class='ocr_line' id='line_1_36' title="bbox 554 3523 2491 3692; baseline -0.003 -88"><span class='ocrx_word' id='word_1_261' title='bbox 554 3534 791 3604; x_wconf 84' lang='lat' dir='ltr'>dicitur</span> <span class='ocrx_word' id='word_1_262' title='bbox 835 3531 1170 3626; x_wconf 73' lang='lat' dir='ltr'>Horossopus</span> <span class='ocrx_word' id='word_1_263' title='bbox 1194 3580 1213 3608; x_wconf 89' lang='lat'>,</span> <span class='ocrx_word' id='word_1_264' title='bbox 1253 3523 1359 3601; x_wconf 73' lang='lat' dir='ltr'>sttu</span> <span class='ocrx_word' id='word_1_265' title='bbox 1380 3529 1609 3623; x_wconf 77' lang='lat' dir='ltr'>fignum</span> <span class='ocrx_word' id='word_1_266' title='bbox 1625 3528 1912 3622; x_wconf 57' lang='lat' dir='ltr'>fiendens</span> <span class='ocrx_word' id='word_1_267' title='bbox 1950 3585 1973 3612; x_wconf 88' lang='lat'>‚</span> <span class='ocrx_word' id='word_1_268' title='bbox 2043 3530 2294 3599; x_wconf 88' lang='lat' dir='ltr'>initium</span> <span class='ocrx_word' id='word_1_269' title='bbox 2336 3532 2491 3692; x_wconf 57' lang='lat' dir='ltr'>capi</span> 
     </span>
     <span class='ocr_line' id='line_1_37' title="bbox 550 3549 2533 3715; baseline -0.005 -14"><span class='ocrx_word' id='word_1_270' title='bbox 550 3628 639 3701; x_wconf 81' lang='lat' dir='ltr'>ab</span> <span class='ocrx_word' id='word_1_271' title='bbox 660 3627 1002 3698; x_wconf 85' lang='lat' dir='ltr'>horizonte</span> <span class='ocrx_word' id='word_1_272' title='bbox 1021 3620 1226 3695; x_wconf 83' lang='lat' dir='ltr'>versus</span> <span class='ocrx_word' id='word_1_273' title='bbox 1249 3625 1586 3694; x_wconf 89' lang='lat' dir='ltr'>orientem.</span> <span class='ocrx_word' id='word_1_274' title='bbox 1636 3625 1896 3715; x_wconf 80' lang='lat' dir='ltr'>Qarta</span> <span class='ocrx_word' id='word_1_275' title='bbox 1917 3679 1936 3703; x_wconf 90' lang='lat'><em>‚</em></span> <span class='ocrx_word' id='word_1_276' title='bbox 1961 3626 1998 3693; x_wconf 72' lang='lat' dir='ltr'>a</span> <span class='ocrx_word' id='word_1_277' title='bbox 2019 3623 2375 3694; x_wconf 90' lang='lat' dir='ltr'>meridiano</span> <span class='ocrx_word' id='word_1_278' title='bbox 2426 3549 2533 3701; x_wconf 48' lang='lat' dir='ltr'>ab}</span> 
     </span>
     <span class='ocr_line' id='line_1_38' title="bbox 556 3709 2531 3826; baseline -0.005 -28"><span class='ocrx_word' id='word_1_279' title='bbox 556 3725 901 3798; x_wconf 90' lang='lat' dir='ltr'>horizonte</span> <span class='ocrx_word' id='word_1_280' title='bbox 942 3723 1007 3792; x_wconf 88' lang='lat' dir='ltr'>in</span> <span class='ocrx_word' id='word_1_281' title='bbox 1048 3722 1184 3788; x_wconf 87' lang='lat' dir='ltr'>irno</span> <span class='ocrx_word' id='word_1_282' title='bbox 1232 3717 1394 3790; x_wconf 83' lang='lat' dir='ltr'>caeli.</span> <span class='ocrx_word' id='word_1_283' title='bbox 1468 3718 1750 3813; x_wconf 87' lang='lat' dir='ltr'>Septima</span> <span class='ocrx_word' id='word_1_284' title='bbox 1769 3773 1789 3806; x_wconf 91' lang='lat'>,</span> <span class='ocrx_word' id='word_1_285' title='bbox 1832 3716 1917 3787; x_wconf 91' lang='lat' dir='ltr'>ab</span> <span class='ocrx_word' id='word_1_286' title='bbox 1938 3709 2280 3790; x_wconf 74' lang='lat' dir='ltr'>horizonte</span> <span class='ocrx_word' id='word_1_287' title='bbox 2296 3714 2531 3826; x_wconf 47' lang='lat' dir='ltr'>vesi-«sus</span> 
     </span>
     <span class='ocr_line' id='line_1_39' title="bbox 550 3809 2534 3913; baseline -0.008 -17"><span class='ocrx_word' id='word_1_288' title='bbox 550 3819 970 3897; x_wconf 84' lang='lat' dir='ltr'>occidentem</span> <span class='ocrx_word' id='word_1_289' title='bbox 990 3869 1016 3911; x_wconf 84' lang='lat'>‚</span> <span class='ocrx_word' id='word_1_290' title='bbox 1060 3818 1136 3888; x_wconf 87' lang='lat'>&amp;</span> <span class='ocrx_word' id='word_1_291' title='bbox 1154 3811 1340 3913; x_wconf 84' lang='lat' dir='ltr'>supra</span> <span class='ocrx_word' id='word_1_292' title='bbox 1360 3838 1511 3889; x_wconf 89' lang='lat' dir='ltr'>eum</span> <span class='ocrx_word' id='word_1_293' title='bbox 1527 3834 1727 3892; x_wconf 85' lang='lat' dir='ltr'>extat.</span> <span class='ocrx_word' id='word_1_294' title='bbox 1789 3815 2067 3887; x_wconf 88' lang='lat' dir='ltr'>Decima</span> <span class='ocrx_word' id='word_1_295' title='bbox 2093 3865 2116 3903; x_wconf 81' lang='grc'>,</span> <span class='ocrx_word' id='word_1_296' title='bbox 2154 3818 2189 3885; x_wconf 71' lang='grc' dir='ltr'><em>ὸ</em></span> <span class='ocrx_word' id='word_1_297' title='bbox 2210 3809 2534 3885; x_wconf 66' lang='lat' dir='ltr'>meridia-2</span> 
     </span>
     <span class='ocr_line' id='line_1_40' title="bbox 2392 3929 2538 3996; baseline 0 -19"><span class='ocrx_word' id='word_1_298' title='bbox 2392 3929 2538 3996; x_wconf 82' lang='lat' dir='ltr'>no,</span> 
     </span>
    </p>
   </div>
  </div>
 </body>
</html>
