2666 4469
473 178 572 238 'uc
808 171 941 234 DE
1022 168 2099 236 vsv·sPHAER‚A=R·VM

857 361 2063 463 xLL3PRoBLEMffl

528 546 756 616 Horam
776 540 877 608 loci
892 535 1053 629 nostri
1070 545 1094 607 i
1164 542 1340 607 uirere
1363 589 1384 622 ,
1430 539 1550 607 Sole
1567 534 1929 626 aurstellisjn
1951 541 2074 609 aliis
2093 544 2216 610 locis
2229 549 2420 612 erisn-

703 631 853 704 tibus
872 655 977 702 aut
995 563 1362 700 vectantibus
1379 688 1399 711 ‚
1419 653 1524 700 aut
1543 630 1624 699 ad
1639 653 1850 700 certam
1870 634 2229 720 altitudinem

717 727 721 731 ¹
977 807 983 814 .
1017 726 1196 818 sitpra
1212 727 1552 804 horizontem
1570 723 1894 815 constitutis.

240 913 265 956 ι
289 903 424 969 panis
491 903 654 1078 Q
674 892 856 963 Vaere
878 891 1053 985 prius
1075 912 1297 984 persto
1321 893 1397 958 &
1417 913 1498 958 21
1533 888 1870 984 problema
1893 944 1915 976 ‚
1963 915 2089 987 qua
2112 896 2266 966 hora
2291 894 2412 965 Sol
2442 971 2449 976 ,

240 968 447 1076 {zffl‘jm‘
675 983 840 1055 stella
862 1038 884 1067 ,
905 1002 1041 1053 ‘aut
1061 982 1233 1053 aliud
1262 980 1510 1079 fignum
1534 981 1773 1054 caeleste
1796 1039 1817 1070 ,
1863 984 2166 1059 ascendat
2186 1010 2296 1061 aut
2317 990 2452 1059 dess

485 1089 712 1162 cendat
738 1133 759 1163 ‚
808 1097 917 1148 aut
957 1077 1040 1147 ad
1084 1099 1326 1157 certam
1374 1075 1553 1172 supra
1592 1077 2002 1150 horizontem
2047 1081 2445 1168 altitudinetr

487 1176 812 1271 perveniat
835 1170 1088 1242 in‘loco
1156 1196 1300 1244 uem
1338 1170 1459 1241 tibi
1479 1171 1884 1269 proposuisti.
1943 1178 2098 1244 Hoc
2138 1181 2400 1251 invento
2436 1234 2444 1253 .

486 1263 855 1364 quaere‘per
892 1288 1100 1361 praece
1145 1267 1257 1337 ens
1301 1265 1634 1360 problema
1675 1264 2101 1338 differentiam
2142 1276 2446 1368 temporis

489 1367 659 1450 inter
678 1360 856 1443 illum
877 1360 1096 1431 locum
1122 1365 1195 1438 &
1211 1361 1580 1450 ilocumotuae
1598 1359 2014 1438 habitationis
2041 1387 2061 1431 :
2107 1370 2180 1436 &
2201 1364 2249 1437 fi
2269 1368 2444 1437 loom

487 1453 565 1532 fit
583 1451 701 1527 tuo
721 1453 1093 1529 orientalior
1117 1508 1136 1539 ‚
1179 1451 1475 1526 subtrahe
1497 1449 1920 1525 differentiam
1950 1464 2264 1555 temporis
2280 1497 2314 1544 ·,
2368 1458 2453 1529 sn

487 1550 954 1622 occidentalior
976 1602 996 1633 ,
1021 1546 1184 1620 adde
1202 1565 1345 1620 eam
1368 1601 1388 1634 ‚
1413 1547 1838 1649 adinventam
1856 1547 2080 1622 horam
2103 1557 2228 1639 ‚‚&
2249 1552 2460 1626 habe-

495 1642 597 1742 bis
619 1645 847 1718 horam
865 1643 1000 1713 loci
1022 1648 1114 1714 tui
1135 1666 1330 1738 quam
1353 1644 1701 1738 quaerebaS.

677 1809 2287 1946 ‘'an.PROBLEMffis,

940 2005 1136 2072 Horas
1156 1999 1386 2071 Italicas
1411 1971 1681 2095 inquirere
1690 2023 1793 2114 per
1807 2002 2014 2075 Solem.
2034 2019 2040 2024 ·

254 2166 281 2208 1
301 2155 431 2263 {gg-'¹
498 2126 652 2311 ID
699 2144 778 2217 fit
793 2163 905 2219 aut
927 2120 1283 2243 pernoram
1300 2143 1701 2216 altitudinem
1726 2199 1746 2232 ‚
1793 2165 1905 2217 aut
1926 2165 2041 2241 per
2058 2137 2463 2214 observatum

248 2230 305 2279 P'
328 2293 356 2328 v
387 2230 458 2264 ’Μ
586 2242 914 2315 Azimuth.
977 2242 1101 2311 Per
1139 2238 1357 2309 datam
1395 2239 1797 2313 altitudinem
1831 2242 1963 2312 hoc
2000 2238 2218 2334 pacto.
2281 2238 2467 2307 Pone

496 2335 777 2429 exempli
844 2337 997 2405 tatia
1019 2385 1039 2417 ,
1065 2330 1513 2424 inquirendum
1531 2333 1656 2407 esse
1681 2371 1719 2419 ,1
1743 2348 2036 2428 quaenam
2057 2330 2133 2403 fit
2153 2332 2315 2403 hora
2340 2335 2468 2402 Ita-

489 2429 620 2501 lica
642 2432 772 2499 Am
825 2428 1100 2500 elodami
1134 2423 1215 2492 ad
1234 2425 1409 2494 diem
1436 2453 1518 2520 30
1542 2426 1727 2513 Iulii,
1772 2431 1810 2497 a
1831 2426 2096 2499 meridie
2123 2479 2144 2510 ‚
2192 2425 2346 2497 Sole
2368 2423 2469 2495 su·-

548 2544 614 2591 ra
655 2522 1067 2590 horizontem
1107 2516 1357 2587 elevato
1397 2520 1705 2612 gradibus
1732 2546 1836 2613 30.
1911 2524 2351 2613 Horizontem
2384 2519 2468 2590 ad

501 2546 768 2697 boream
805 2606 919 2681 sub
958 2609 1125 2682 Polo
1166 2609 1457 2702 deprime
1482 2613 1666 2704 juxta
1703 2611 2108 2681 latitudinem
2144 2612 2473 2684 Amstelo-

499 2704 857 2782 damensem
883 2759 905 2792 ,
953 2703 1361 2797 iudicemque
1407 2701 1563 2774 disci
1604 2704 1865 2775 mobilis
1905 2708 2169 2801 impone
2208 2703 2345 2777 diei
2390 2733 2471 2803 30

499 2803 693 2890 Iulii,
743 2807 817 2873 &
857 2795 1201 2871 versabitur
1219 2798 1333 2869 Sol
1367 2798 1432 2869 in
1456 2827 1496 2881 7
1517 2800 1724 2894 gradu
1740 2803 2010 2890 Leonis.
2071 2803 2249 2870 Tum
2283 2801 2477 2873 volve

502 2897 778 2993 globum
824 2895 1041 2968 donec
1078 2892 1313 2965 limbus
1357 2892 1723 2973 horizontis
1764 2893 2079 2966 occiduus
2120 2892 2476 2989 applicetur

507 2991 688 3076 Soli,
738 2995 812 3061 &
837 2987 1133 3061 ‘indicem
1153 2987 1477 3061 horarium
1497 3013 1754 3085 appone
1773 2990 1950 3061 horae
1977 3015 2084 3062 12.
2131 2990 2303 3058 Hinc
2371 2988 2478 3059 lo·-

495 3085 666 3169 ‘bum
690 3106 873 3156 terrae
914 3082 1169 3155 revolve
1194 3084 1259 3152 in
1284 3101 1504 3156 ortum
1530 3136 1552 3168 ‚
1599 3082 1815 3155 donec
1838 3082 2242 3156 Solversetur
2277 3107 2314 3157 a
2386 3083 2480 3154 la-

512 3201 615 3249 tus
657 3179 992 3267 meridiani
1033 3174 1431 3263 occiduum,
1480 3181 1555 3247 &
1591 3177 1954 3253 verticalem
2000 3179 2126 3249 huc
2171 3177 2321 3248 illuc
2362 3200 2479 3272 pet

512 3275 930 3349 horizontem
970 3271 1320 3344 occiduum
1348 3296 1550 3343 ,move
1575 3325 1596 3358 ‚
1642 3272 1857 3347 donec
1876 3273 1994 3363 Sol
2015 3276 2079 3343 in
2116 3296 2200 3343 eo
2236 3270 2477 3355 habeat

512 3366 914 3438 altitudinem
930 3362 1350 3462 graduum3o
1369 3417 1391 3453 ,
1428 3365 1827 3465 globumque
1844 3367 2029 3439 firma
2054 3420 2074 3452 ,
2115 3371 2190 3436 &
2213 3390 2481 3438 numera

513 3467 583 3533 in
620 3459 810 3556 cyclo
831 3459 1093 3529 horario
1131 3461 1215 3532 ab
1252 3462 1412 3532 hora
1456 3483 1539 3530 12
1611 3486 1760 3533 uam
1800 3458 1991 3533 index'
2029 3463 2243 3558 primo
2285 3486 2483 3531 mon·

515 3557 750 3628 strabat
772 3550 1228 3647 consequenter
1250 3608 1272 3641 ,
1319 3485 1609 3650 ufi1uea3
1633 3555 1836 3653 ipsum
1855 3555 2136 3628 indicem
2155 3611 2176 3642 ‚
2203 3560 2279 3626 &
2301 3562 2483 3627 inve-

517 3655 653 3723 nies
689 3644 924 3745 elapsss
961 3645 1086 3718 effe
1123 3648 1315 3720 horas
1336 3672 1427 3719 20
1451 3703 1474 3736 ,
1521 3653 1678 3723 min.
1710 3674 1793 3746 35
1819 3703 1841 3737 ,
1891 3674 2014 3747 pro
2049 3652 2208 3722 hora
2244 3651 2484 3722 Italico

518 3770 702 3824 more
738 3762 1066 3823 numerata
1083 3742 1167 3844 ad
1198 3763 1453 3847 tempus
1477 3745 1725 3824 datum.
1774 3750 1901 3823 Per
1921 3766 2151 3823 notum
2169 3746 2487 3825 Azimuth

2397 3840 2487 3911 fit
