2666 4469
514 232 582 295 24
840 219 1036 281 :nn
1118 192 1324 279 vs'v
1403 186 2077 279 etononvm

519 318 690 393 stella
726 315 1040 399 versetur,
1080 315 1237 386 ¹hoc
1275 312 1405 397 est,
1453 337 1645 408 quam
1688 313 1813 385 alta
1846 312 1921 385 fit
1957 312 2139 412 supra
2174 313 2488 387 horizon-i

523 437 659 486 tem
679 446 702 502 3
722 433 832 484 aut
853 406 1144 482 habenda
1162 408 1252 479 est
1273 412 1506 481 notitia
1529 411 1858 506 temporiS,
1884 428 1993 479 aut
2013 409 2322 479 Azimuth
2346 435 2491 481 cer-

527 531 665 580 tum
697 506 786 578 est
803 501 1262 576 affumendum.

615 607 799 673 Dato
831 619 1128 694 tempore
1149 655 1167 680 ‚
1191 597 1491 695 'exempli
1532 591 1715 666 caula
1739 651 1758 676 ‚
1804 594 2261 686 Amstelodami
2305 597 2412 667 ad*
2446 624 2479 670 t

525 695 699 767 diem
722 696 906 791 Maji,
929 715 1134 774 mane,
1158 691 1317 761 hora
1360 718 1401 781 9
1424 749 1443 774 ‚
1494 712 1564 761 ut
1586 691 1938 760 inveniatur
1961 689 2484 764 Almucantarath

525 810 633 859 aut
654 785 928 858 altitudo
958 785 1127 857 Solis
1146 785 1326 880 supra
1367 786 1817 868 horizontem3
1867 783 2076 877 globo
2098 784 2179 855 ad
2202 783 2488 855 latitudi-

526 907 673 953 nem
694 883 973 951 civitatis
996 879 1214 949 erecto
1243 932 1264 963 ‚
1302 880 1581 975 adjunge
1604 877 1824 948 locum
1855 878 2023 949 Solis
2045 935 2064 960 ,
2113 882 2224 975 qui
2249 878 2357 949 ista
2376 883 2484 951 die

525 975 706 1047 estin
735 1000 812 1045 11
838 977 1038 1044 Tauri
1071 1026 1091 1057 ‚
1132 971 1488 1044 meridiano
1517 1026 1539 1058 ‚
1583 977 1655 1041 &
1679 970 1956 1041 indicem
1980 972 2158 1042 horae
2188 998 2268 1059 ις.
2292 978 2487 1045 meri-

525 1069 729 1139 dianae
753 1100 773 1153 3
818 1092 897 1136 ac
919 1088 1055 1137 tum
1074 1088 1385 1139 converte
1417 1067 1687 1163 globum
1720 1064 1802 1134 ad
1822 1068 2137 1137 orientem
2160 1068 2368 1139 donee
2389 1072 2485 1139 in-

527 1164 652 1233 dex
673 1160 964 1231 ostendat
986 1161 1214 1231 horam
1232 1186 1274 1250 9
1301 1181 1448 1236 ante
1467 1159 1798 1230 meridiem
1824 1162 1848 1251 (
1868 1181 1974 1229 aut
1995 1161 2207 1231 donec
2233 1187 2263 1256 3
2275 1184 2311 1254 5
2334 1186 2487 1257 gra-

526 1257 646 1329 dus
669 1259 1011 1352 aequatoris
1032 1253 1385 1326 transierint
1406 1254 1871 1347 meridianum)
1908 1277 1985 1324 ac
2008 1256 2317 1325 circulum
2341 1281 2482 1327 ver-

536 1350 794 1422 ticalem
821 1353 1085 1444 impone
1105 1351 1259 1419 loco
1285 1349 1451 1419 Solis
1481 1402 1501 1434 ‚
1551 1350 1616 1416 in
1638 1370 1850 1439 eoque
1870 1372 2127 1419 numera
2144 1346 2374 1419 sursum
2395 1351 2481 1420 ab

529 1444 878 1515 horizonte
897 1443 980 1513 ad
1002 1443 1218 1514 Solem
1247 1441 1463 1536 usque3
1491 1444 1862 1512 &invenies
1884 1441 2120 1537 gradus
2144 1443 2248 1534 38,
2267 1438 2480 1539 strup.

533 1562 620 1632 54
644 1592 666 1623 ,
707 1551 829 1632 pro
867 1537 1199 1607 altitudine
1236 1537 1405 1606 Solis
1435 1590 1453 1621 ‚
1495 1557 1603 1606 aut
1648 1536 1889 1606 circulo
1911 1536 2433 1607 Almucantarath
2454 1595 2479 1621 ‚
2518 1613 2528 1626 ι

529 1656 730 1728 quem
756 1632 869 1701 Sol
892 1630 1048 1701 dato
1072 1648 1363 1724 tempore
1384 1632 1666 1723 attingit.
2382 1708 2386 1713 ¹

553 1795 560 1799 .
619 1727 729 1795 Sic
748 1725 941 1794 etiam
967 1726 1030 1793 in
1050 1723 1235 1794 stellis
1257 1722 1558 1819 procede.
1592 1723 1877 1819 Exempli
1899 1726 2129 1820 gratia,
2154 1747 2366 1818 quaere
2386 1723 2483 1793 al·-

526 1816 869 1888 titudinem
891 1815 1071 1913 supra
1105 1818 1520 1888 horizontem
1543 1816 1771 1889 lucidae
1813 1826 1974 1908 Lyrae
1995 1819 2483 1890 -Amstelodami

525 1912 764 1983 eodem
786 1911 891 1984 die
908 1910 1148 2006 vesperi
1166 1912 1321 1982 hora
1345 1911 1701 1983 undecima.
1765 1917 1952 1983 Loco
1996 1913 2162 1984 Solis
2180 1912 2483 1983 meridia-

527 2030 616 2098 no
640 2064 660 2090 ,
707 2005 1048 2100 indiceque
1068 2006 1243 2076 horae
1284 2005 1682 2077 duodecimae
1717 2008 2046 2104 applicato
2068 2066 2087 2089 ,
2132 2027 2307 2079 verte
2329 2007 2480 2101 glo-

527 2099 685 2176 bum
705 2103 770 2170 in
794 2100 1200 2172 occidentem
1224 2155 1246 2187 ‚
1279 2100 1491 2171 donec
1509 2100 1700 2170 index
1723 2100 2014 2173 ostendat
2036 2103 2257 2172 horam
2279 2102 2483 2170 unde-

524 2200 761 2266 eimam
783 2194 1199 2289 vespertinam
1224 2199 1360 2286 (aut
1383 2191 1696 2266 transeant
1743 2197 2042 2268 undecies
2074 2220 2154 2288 15
2178 2252 2196 2276 ,
2241 2194 2368 2265 hoc
2389 2193 2481 2264 est

532 2292 660 2378 1'65
686 2286 918 2380 gradus
941 2294 1283 2382 aequatoris
1307 2313 1424 2382 per
1444 2289 1903 2380 meridianum)
1932 2294 2005 2356 &
2025 2286 2130 2356 fac
2148 2312 2296 2371 eum
2320 2287 2483 2359 stare

521 2378 949 2467 immobilem.
1028 2386 1201 2450 Tum
1249 2404 1365 2473 per
1411 2380 1688 2449 lucidam
1738 2389 1909 2475 Lyrae
1926 2381 2146 2470 trajice
2168 2381 2482 2452 circulum

518 2470 886 2546 verticalem
910 2525 932 2557 ‚
983 2476 1056 2542 δε
1091 2477 1156 2542 in
1201 2496 1283 2541 eo
1325 2474 1410 2546 ab
1446 2473 1788 2543 horizonte
1823 2469 2055 2543 sursum
2097 2497 2358 2543 numera
2392 2475 2480 2544 ad

520 2565 754 2637 stellam
780 2558 971 2659 usque
993 2618 1013 2649 ,
1075 2563 1458 2662 habebisque
1477 2565 1711 2663 gradus
1742 2591 1821 2661 39
1847 2623 1865 2647 ,
1911 2565 2027 2637 scr.
2050 2590 2168 2653 27,
2192 2590 2313 2662 pro
2335 2569 2477 2663 ejus

520 2657 855 2732 altitudine
870 2658 954 2729 ad
991 2659 1202 2728 datam
1220 2658 1468 2731 horam.
2388 2663 2390 2665 ’

613 2759 737 2827 Per
773 2754 1080 2824 Azimuth
1117 2774 1328 2823 autem
1375 2757 1710 2850 cognitum
1759 2753 1991 2849 (quod
2034 2778 2148 2853 per
2169 2753 2477 2850 pyxidem
2507 2791 2512 2799 ·

522 2854 842 2922 nauticam
880 2869 990 2918 aut
1029 2847 1196 2917 aliud
1261 2850 1668 2919 commodius
1730 2849 2212 2919 instrumentum
2255 2847 2478 2919 haberi

523 2943 732 3040 potest
755 2948 869 3036 )ut
888 2946 1240 3014 inveniatur
1263 2943 1432 3023 Solis
1450 2965 1558 3013 aut
1580 2939 2302 3033 stell'ae'Almucantarath
2323 2949 2349 3026 ,‘
2388 2942 2478 3013 fic

520 3038 611 3108 est
633 3036 1130 3131 procedendum.
1185 3041 1368 3107 Pone
1398 3038 1611 3109 Solem
1632 3038 1737 3108 die
1758 3062 1801 3107 2
1824 3040 1988 3131 Maji
2011 3089 2032 3122 ‚
2073 3032 2475 3108 observatum

522 3135 588 3200 in
613 3130 796 3226 plaga
817 3131 1206 3224 3uphunstl
1249 3134 1377 3201 hoc
1397 3132 1511 3217 est,
1537 3135 1601 3201 in
1625 3131 1975 3201 Azimutho
1997 3154 2087 3224 45
2110 3129 2421 3226 graduum
2447 3184 2470 3218 ‚

524 3227 560 3293 ὲ
580 3223 846 3294 meridie
868 3228 931 3292 in
957 3229 1295 3294 orientem.
1521 3233 1528 3238 ’

616 3317 844 3387 Globo
866 3318 1203 3412 indiceque
1220 3339 1292 3387 ut
1315 3337 1463 3389 ante
1506 3316 1877 3412 compofitis
1906 3369 1926 3400 ,
1968 3321 2044 3386 δε
2085 3317 2472 3390 verticaliex

527 3410 761 3481 Zenith
789 3414 851 3478 in
874 3410 1280 3481 horizontem
1304 3412 1707 3507 propendulo
1732 3464 1754 3496 ‚
1800 3415 2064 3506 impone
2102 3419 2474 3484 extremita-

523 3526 656 3577 tem
680 3503 812 3598 ejus
836 3504 1059 3598 gradui
1083 3527 1197 3597 45,
1222 3510 1254 3572 a
1275 3506 1540 3576 meridie
1562 3510 1624 3574 in
1646 3525 1861 3575 ortum
1885 3546 1906 3591 5
1950 3529 2183 3604 nempe
2203 3511 2473 3577 Azimu-

521 3620 599 3671 to
619 3595 994 3680 observato,
1031 3622 1109 3667 ac
1131 3597 1430 3695 tantisper
1455 3600 1765 3669 convolve
1830 3599 2051 3672 lobum
2075 3659 2094 3685 ,
2137 3602 2348 3673 donec
2366 3601 2475 3670 lo-

527 3716 640 3764 cus
662 3691 858 3776 Solis»,
881 3695 992 3787 qui
1013 3690 1103 3763 est
1130 3718 1159 3759 1
1178 3718 1207 3759 1
1235 3692 1469 3788 gradus
1489 3697 1727 3778 Tauri,
1770 3696 1793 3761 1
1824 3697 2033 3789 tingat
2052 3695 2416 3787 verticalem
2440 3719 2464 3764 t

528 3807 723 3886 atque
742 3791 806 3859 in
829 3785 959 3858 hoc
979 3808 1238 3860 numera
1260 3786 1343 3859 ab
1365 3788 1702 3861 horizonte
1748 3786 1977 3863 sursum
1997 3820 2023 3879 ς
2074 3797 2148 3862 &
2185 3791 2470 3861 invenies

2230 3883 2472 3979 gradus
