2666 4469
500 193 616 254 ιη
732 185 741 196 “
915 136 2090 244 nssffsvonononvm

756 350 1125 422 XLIX.
1266 348 2096 450 PROBLEM
2156 348 2242 418 A.

522 506 667 600 Q
698 526 856 576 terrae
889 504 997 573 1000
1014 507 1110 573 Sol
1129 497 1344 574 oriendo
1373 525 1477 574 aut
1496 503 1784 574 occidendo
1802 559 1819 583 ,
1866 504 2017 582 noble
2037 560 2056 585 ,
2073 503 2303 599 «datque
2318 562 2341 588 ,
2390 525 2489 576 ar-

1027 602 1210 697 tingaet
1240 598 1577 672 horizontem
1598 655 1619 680 ,
1659 600 1958 695 explorare.

699 750 882 821 Vaere
924 756 1203 849 primum
1336 774 1367 820 r
1412 749 1752 849 problema
1791 749 2179 823 antecedens
2208 754 2274 825 in
2298 752 2486 847 cujus

528 760 825 952 Qloci
849 864 1035 914 terrae
1070 846 1260 916 Zenit
1326 844 1410 915 ad
1427 844 1648 916 datum
1685 865 1940 940 tempus
1968 898 1987 929 ‚
2032 844 2136 916 seu
2156 845 2486 932 diurnum,

504 934 622 1021 [seu
645 938 1030 1009 noeturnum
1045 936 1325 1013 versetur
1343 939 1484 1024 Sol;
1510 961 1644 1034 quo
1664 942 1928 1014 invento
1947 939 2253 1035 (exempli
2278 941 2483 1024 caula,

519 1029 839 1127 assumpto
879 1032 1037 1104 loco
1068 1040 1317 1106 Surattae
1350 1038 1571 1105 vicino
1591 1032 1705 1103 fisb
1729 1031 2062 1103 latitudine
2085 1034 2285 1106 borea
2300 1033 2482 1135 grad.

508 1137 602 1198 '21
634 1178 656 1210 ‚
702 1132 778 1218 ὃς
798 1145 1097 1221 tempore
1113 1148 1260 1200 ante
1281 1128 1518 1219 dioto)
1556 1126 1805 1223 applica
1845 1125 2065 1198 locum
2105 1130 2484 1209 meridiano,

522 1224 598 1289 δε
625 1218 854 1290 Polum
882 1222 1153 1292 boreum
1173 1223 1399 1296 attolle
1422 1246 1543 1321 pro
1563 1220 1897 1292 latitudine
1939 1222 2075 1314 ejus
2097 1220 2289 1308 data3
2331 1218 2486 1292 erit-

519 1335 649 1409 que
672 1312 856 1385 locus
899 1314 1186 1411 undique
1223 1316 1308 1387 ab
1344 1318 1696 1389 horizonte
1711 1338 1903 1410 quam
1928 1320 2172 1411 poterit
2211 1318 2487 1386 maxime

519 1426 812 1480 remotus
835 1407 946 1480 sub
967 1409 1223 1480 Zenith.
1270 1415 1427 1483 Hoc
1452 1410 1753 1507 peraeto,
1793 1432 2021 1481 omnes
2045 1412 2346 1505 regiones
2368 1430 2488 1505 per

521 1524 683 1596 quas
705 1501 922 1573 tranfit
959 1503 1235 1574 horizon
1254 1562 1274 1586 ‚
1319 1506 1536 1576 Solem
1562 1527 1827 1600 quoque
1873 1506 1937 1572 in
1982 1501 2330 1574 horizonte
2375 1508 2491 1572 ha-

521 1594 681 1667 bent
699 1624 728 1679 3
781 1600 855 1672 &
878 1599 990 1691 qui
1011 1596 1302 1682 habitant
1318 1599 1400 1669 ad
1424 1603 1735 1684 orientem
1756 1601 1791 1666 a
1819 1597 2173 1690 meridiano
2202 1649 2224 1683 ,
2263 1593 2489 1669 vident

520 1711 672 1759 eum
690 1689 772 1759 ad
797 1690 1207 1766 oce-fidentem
1225 1690 1339 1762 sub
1367 1693 1511 1762 hori
1557 1712 1782 1785 ontem
1802 1687 2179 1766 descendere
2198 1744 2220 1778 ‚
2272 1694 2389 1787 qui
2409 1687 2492 1759 ad
2568 1740 2571 1742 Α

520 1780 935 1860 occidentem
956 1836 977 1868 ,
1014 1785 1287 1880 eundem
1306 1787 1389 1858 ad
1408 1717 1725 1861 orsgn‘tem
1743 1784 1923 1880 supra
1945 1786 2359 1867 horizontem
2376 1807 2497 1856 ex-

521 1869 692 1948 tolli.
748 1878 895 1969 Qi
916 1876 1296 1975 degunt'fisb
1318 1882 1677 1962 meridiano
1698 1887 1762 1952 in
1788 1877 2493 1975 Septentrione‚Solem

523 1969 955 2044 humillimum
978 1971 1214 2044 habent
1237 1974 1320 2044 ad
1340 1976 1751 2052 horizontem
1773 2028 1796 2060 ‚
1845 1979 1917 2054 &
1946 1976 2086 2070 jam
2124 1976 2249 2045 ‘am
2274 1974 2488 2042 denuo

514 2064 995 2162 ‘assurgentem3
1036 2088 1103 2157 at
1123 2070 1235 2165 qui
1255 2073 1319 2139 in
1344 2071 1612 2142 meridie
1646 2068 1900 2141 subsunt
1931 2074 2090 2164 meri
2141 2073 2285 2152 iano
2312 2121 2332 2153 ‚
2377 2067 2491 2148 ha-

524 2161 680 2232 bent
697 2184 844 2232 eum
864 2160 1049 2256 supra
1072 2163 1485 2239 horizontem
1507 2165 1866 2238 altiffimum
1889 2217 1911 2250 ,
1958 2168 2031 2233 &
2040 2164 2180 2261 jairi
2193 2165 2329 2258 jam
2353 2184 2492 2230 rur-

516 2252 623 2326 fils
664 2255 1126 2327 descensurum.
1180 2261 1432 2331 Omnes
1454 2285 1616 2358 ergo
1637 2260 1948 2354 regiones
1972 2257 2038 2327 su
2090 2281 2155 2325 ra
2177 2257 2495 2327 horizon-

525 2369 658 2425 tem
682 2348 991 2439 exstantes
1016 2403 1038 2435 ‚
1080 2352 1300 2424 Solem
1344 2377 1609 2450 quoque
1644 2352 1712 2424 fi1
1762 2376 1828 2421 ra
1868 2374 2016 2421 eum
2087 2351 2279 2420 abent
2323 2370 2497 2418 con-

524 2442 811 2608 }Jicuum
832 2476 854 2529 3
883 2448 955 2514 &
979 2466 1209 2525 contra
1229 2470 1628 2543 quaecunque
1641 2377 1758 2518 sug
1777 2447 2121 2516 horizonte
2134 2440 2493 2527 versantur,

574 2538 747 2607 olem
766 2535 878 2608 sub
898 2538 1243 2612 horizonte
1279 2542 1763 2637 inconspicuum
1793 2537 2031 2611 habent
2057 2590 2080 2624 ,
2130 2541 2207 2608 δι
2238 2535 2378 2608 sunt
2424 2541 2496 2607 in

527 2632 808 2704 tenebris
842 2633 1078 2705 noctis.
2200 2663 2209 2670 ·

617 2728 687 2799 Si
727 2726 999 2825 globum
1042 2732 1130 2810 ita
1168 2727 1584 2802 constitutum
1606 2748 1813 2801 vertas
1836 2786 1857 2812 ,
1897 2725 2149 2823 videbis
2191 2726 2495 2822 regiones

525 2845 750 2895 omnes
774 2825 946 2896 circa
969 2824 1203 2903 Polum
1224 2819 1843 2905 Arfflcuminclulas
1868 2821 2158 2909 circulo,
2195 2820 2498 2902 interval-

520 2916 597 2987 *lo
629 2917 1006 2990 elevationis
1052 2918 1198 2989 Poli
1237 2943 1322 2989 21
1373 2919 1686 3017 graduum
1729 2917 2056 3015 descripto
2080 2972 2099 3003 ,
2143 2940 2272 2986 non
2315 2912 2497 3011 posse

527 3008 910 3089 descendere
943 3010 1059 3082 sub
1095 3013 1546 3106 horizontem,
1588 3037 1667 3085 ac
1702 3036 1815 3107 per
1859 3008 2251 3102 consequens
2275 3060 2296 3092 ,
2338 3009 2497 3085 Sole

527 3103 691 3175 inibi
734 3104 966 3176 affidue
1002 3102 1185 3199 fixpra
1224 3107 1632 3195 horizontem
1661 3127 1963 3204 morante
1985 3157 2004 3188 ,
2047 3104 2220 3187 diem
2256 3101 2498 3187 habere

531 3204 928 3282 continuam.
985 3201 1066 3267 Et
1087 3210 1361 3286 contra',
1384 3208 1679 3300 regiones
1721 3204 1891 3271 circa
1914 3197 2144 3269 Polum
2164 3198 2499 3281 Antarffi-

533 3313 683 3361 cum
717 3294 829 3378 tali
864 3289 1111 3363 circulo
1130 3292 1395 3366 inclusas
1422 3349 1442 3381 ,
1497 3322 1627 3367 non
1670 3291 1964 3366 scandere
1978 3292 2158 3387 supra
2182 3293 2495 3378 horizon-

532 3404 692 3474 tem,
717 3410 795 3458 ac
816 3408 1159 3483 propterea
1180 3387 1331 3461 Sole
1354 3390 1931 3487 perpetuo'latente
1950 3443 1971 3472 ,
2013 3386 2250 3459 habere
2277 3388 2493 3458 conti-

532 3483 1035 3579 wmmoemm
1749 3490 1754 3491 ’

2001 3796 2006 3801 ’
2096 3857 2503 3944 nmo-
