<?xml version="1.0" encoding="UTF-8"?>
<!DOCTYPE html PUBLIC "-//W3C//DTD XHTML 1.0 Transitional//EN"
    "http://www.w3.org/TR/xhtml1/DTD/xhtml1-transitional.dtd">
<html xmlns="http://www.w3.org/1999/xhtml" xml:lang="en" lang="en">
 <head>
  <title>
</title>
<meta http-equiv="Content-Type" content="text/html;charset=utf-8" />
  <meta name='ocr-system' content='tesseract 3.04.00' />
  <meta name='ocr-capabilities' content='ocr_page ocr_carea ocr_par ocr_line ocrx_word'/>
</head>
<body>
  <div class='ocr_page' id='page_1' title='image "./guilielmiblaeui00hortgoog/guilielmiblaeui00hortgoog_0140.png"; bbox 0 0 2666 4469; ppageno 0'>
   <div class='ocr_carea' id='block_1_1' title="bbox 528 172 2136 298">
    <p class='ocr_par' dir='ltr' id='par_1_1' title="bbox 528 172 2136 298">
     <span class='ocr_line' id='line_1_1' title="bbox 528 172 2136 298; baseline -0.002 -22"><span class='ocrx_word' id='word_1_1' title='bbox 528 228 628 276; x_wconf 68' lang='grc' dir='ltr'>κιο</span> <span class='ocrx_word' id='word_1_2' title='bbox 732 172 779 180; x_wconf 63' lang='grc'>”</span> <span class='ocrx_word' id='word_1_3' title='bbox 930 213 1061 272; x_wconf 75' lang='grc' dir='ltr'>οε</span> <span class='ocrx_word' id='word_1_4' title='bbox 1143 185 2136 298; x_wconf 69' lang='lat' dir='ltr'>vstLo&#39;nonM&#39;</span> 
     </span>
    </p>
   </div>
   <div class='ocr_carea' id='block_1_2' title="bbox 806 383 2199 786">
    <p class='ocr_par' dir='ltr' id='par_1_2' title="bbox 806 383 2199 786">
     <span class='ocr_line' id='line_1_2' title="bbox 917 383 1953 479; baseline 0.001 -28"><span class='ocrx_word' id='word_1_5' title='bbox 917 415 923 422; x_wconf 94' lang='lat'><strong>·</strong></span> <span class='ocrx_word' id='word_1_6' title='bbox 1047 387 1369 472; x_wconf 76' lang='lat' dir='ltr'><em>Sequuntur</em></span> <span class='ocrx_word' id='word_1_7' title='bbox 1392 383 1530 479; x_wconf 80' lang='lat' dir='ltr'>jam</span> <span class='ocrx_word' id='word_1_8' title='bbox 1576 383 1953 453; x_wconf 81' lang='lat' dir='ltr'><em>Problemata.</em></span> 
     </span>
     <span class='ocr_line' id='line_1_3' title="bbox 894 535 2124 624; baseline -0.006 -11"><span class='ocrx_word' id='word_1_9' title='bbox 894 535 1179 613; x_wconf 14' lang='lat' dir='ltr'>L1V4*</span> <span class='ocrx_word' id='word_1_10' title='bbox 1286 536 2124 624; x_wconf 85' lang='lat' dir='ltr'><strong>PROBLEMA.</strong></span> 
     </span>
     <span class='ocr_line' id='line_1_4' title="bbox 806 689 2199 786; baseline -0.001 -27"><span class='ocrx_word' id='word_1_11' title='bbox 806 695 1020 760; x_wconf 84' lang='lat' dir='ltr'>Verum</span> <span class='ocrx_word' id='word_1_12' title='bbox 1057 690 1350 760; x_wconf 79' lang='lat' dir='ltr'><em>meridiem</em></span> <span class='ocrx_word' id='word_1_13' title='bbox 1387 715 1459 760; x_wconf 81' lang='lat' dir='ltr'>ac</span> <span class='ocrx_word' id='word_1_14' title='bbox 1485 689 1898 786; x_wconf 80' lang='lat' dir='ltr'>se&#39;ptentrionem</span> <span class='ocrx_word' id='word_1_15' title='bbox 1933 698 2199 763; x_wconf 82' lang='lat' dir='ltr'>invem&#39;re.</span> 
     </span>
    </p>
   </div>
   <div class='ocr_carea' id='block_1_3' title="bbox 526 833 2504 1963">
    <p class='ocr_par' dir='ltr' id='par_1_3' title="bbox 526 833 2504 1963">
     <span class='ocr_line' id='line_1_5' title="bbox 578 833 2477 942; baseline 0.004 -30"><span class='ocrx_word' id='word_1_16' title='bbox 578 833 585 841; x_wconf 10' lang='grc' dir='ltr'>κ</span> <span class='ocrx_word' id='word_1_17' title='bbox 617 844 655 912; x_wconf 90' lang='grc' dir='ltr'><strong>Ι</strong></span> <span class='ocrx_word' id='word_1_18' title='bbox 683 841 947 936; x_wconf 88' lang='lat' dir='ltr'>quando</span> <span class='ocrx_word' id='word_1_19' title='bbox 969 842 1387 938; x_wconf 86' lang='lat' dir='ltr'>horologium</span> <span class='ocrx_word' id='word_1_20' title='bbox 1423 842 1621 915; x_wconf 85' lang='lat' dir='ltr'>solare</span> <span class='ocrx_word' id='word_1_21' title='bbox 1644 848 1708 916; x_wconf 89' lang='lat' dir='ltr'>in</span> <span class='ocrx_word' id='word_1_22' title='bbox 1735 843 1926 942; x_wconf 84' lang='lat' dir='ltr'>plano</span> <span class='ocrx_word' id='word_1_23' title='bbox 1952 844 2341 917; x_wconf 81' lang='lat' dir='ltr'>horizontali</span> <span class='ocrx_word' id='word_1_24' title='bbox 2365 844 2477 919; x_wconf 74' lang='lat' dir='ltr'>tle·-</span> 
     </span>
     <span class='ocr_line' id='line_1_6' title="bbox 623 928 2474 1036; baseline 0.005 -34"><span class='ocrx_word' id='word_1_25' title='bbox 623 928 890 1005; x_wconf 83' lang='lat' dir='ltr'>scribere</span> <span class='ocrx_word' id='word_1_26' title='bbox 908 989 928 1022; x_wconf 88' lang='lat'><strong>,</strong></span> <span class='ocrx_word' id='word_1_27' title='bbox 950 959 1059 1006; x_wconf 89' lang='lat' dir='ltr'>aut</span> <span class='ocrx_word' id='word_1_28' title='bbox 1079 937 1379 1008; x_wconf 83' lang='lat' dir='ltr'>verticale</span> <span class='ocrx_word' id='word_1_29' title='bbox 1398 939 1711 1009; x_wconf 60' lang='lat' dir='ltr'>dimotum</span> <span class='ocrx_word' id='word_1_30' title='bbox 1731 946 1977 1036; x_wconf 87' lang='lat' dir='ltr'>erigere</span> <span class='ocrx_word' id='word_1_31' title='bbox 1995 941 2285 1032; x_wconf 86' lang='lat' dir='ltr'>cupimus</span> <span class='ocrx_word' id='word_1_32' title='bbox 2310 997 2329 1021; x_wconf 93' lang='lat'><em>,</em></span> <span class='ocrx_word' id='word_1_33' title='bbox 2370 964 2474 1013; x_wconf 79' lang='lat' dir='ltr'>tn-</span> 
     </span>
     <span class='ocr_line' id='line_1_7' title="bbox 528 1027 2478 1127; baseline 0.004 -28"><span class='ocrx_word' id='word_1_34' title='bbox 528 1050 596 1099; x_wconf 90' lang='lat' dir='ltr'>te</span> <span class='ocrx_word' id='word_1_35' title='bbox 615 1033 832 1106; x_wconf 88' lang='lat' dir='ltr'>omnia</span> <span class='ocrx_word' id='word_1_36' title='bbox 855 1027 1096 1102; x_wconf 80' lang='lat' dir='ltr'>neceffe</span> <span class='ocrx_word' id='word_1_37' title='bbox 1117 1029 1207 1101; x_wconf 87' lang='lat' dir='ltr'>est</span> <span class='ocrx_word' id='word_1_38' title='bbox 1225 1084 1247 1116; x_wconf 86' lang='lat'><strong>,</strong></span> <span class='ocrx_word' id='word_1_39' title='bbox 1285 1051 1358 1102; x_wconf 83' lang='lat' dir='ltr'>ut</span> <span class='ocrx_word' id='word_1_40' title='bbox 1381 1031 1717 1127; x_wconf 88' lang='lat' dir='ltr'>cognitum</span> <span class='ocrx_word' id='word_1_41' title='bbox 1739 1035 2079 1105; x_wconf 83' lang='lat' dir='ltr'>babeamus</span> <span class='ocrx_word' id='word_1_42' title='bbox 2104 1055 2321 1105; x_wconf 86' lang='lat' dir='ltr'>verum</span> <span class='ocrx_word' id='word_1_43' title='bbox 2344 1059 2478 1106; x_wconf 85' lang='lat' dir='ltr'>me·</span> 
     </span>
     <span class='ocr_line' id='line_1_8' title="bbox 528 1121 2475 1219; baseline 0.004 -28"><span class='ocrx_word' id='word_1_44' title='bbox 528 1121 762 1199; x_wconf 86' lang='lat' dir='ltr'>ridiern</span> <span class='ocrx_word' id='word_1_45' title='bbox 794 1147 872 1194; x_wconf 87' lang='lat' dir='ltr'>ac</span> <span class='ocrx_word' id='word_1_46' title='bbox 909 1122 1403 1219; x_wconf 70' lang='lat' dir='ltr'>septentrionem</span> <span class='ocrx_word' id='word_1_47' title='bbox 1428 1179 1450 1213; x_wconf 86' lang='lat'>,</span> <span class='ocrx_word' id='word_1_48' title='bbox 1498 1147 1567 1197; x_wconf 90' lang='lat' dir='ltr'>ut</span> <span class='ocrx_word' id='word_1_49' title='bbox 1608 1128 1690 1198; x_wconf 87' lang='lat' dir='ltr'>ad</span> <span class='ocrx_word' id='word_1_50' title='bbox 1732 1152 1957 1201; x_wconf 89' lang='lat' dir='ltr'>eorum</span> <span class='ocrx_word' id='word_1_51' title='bbox 1995 1129 2181 1199; x_wconf 88' lang='lat' dir='ltr'>fitum</span> <span class='ocrx_word' id='word_1_52' title='bbox 2211 1130 2475 1199; x_wconf 69' lang='lat' dir='ltr'>horolo-</span> 
     </span>
     <span class='ocr_line' id='line_1_9' title="bbox 526 1214 2478 1319; baseline 0.005 -35"><span class='ocrx_word' id='word_1_53' title='bbox 526 1220 709 1312; x_wconf 89' lang='lat' dir='ltr'>gium</span> <span class='ocrx_word' id='word_1_54' title='bbox 731 1214 1101 1319; x_wconf 86' lang='lat' dir='ltr'><strong>dirigamus.</strong></span> <span class='ocrx_word' id='word_1_55' title='bbox 1149 1218 1226 1289; x_wconf 88' lang='lat' dir='ltr'>Id</span> <span class='ocrx_word' id='word_1_56' title='bbox 1263 1240 1477 1291; x_wconf 86' lang='lat' dir='ltr'>autem</span> <span class='ocrx_word' id='word_1_57' title='bbox 1516 1244 1629 1318; x_wconf 88' lang='lat' dir='ltr'>per</span> <span class='ocrx_word' id='word_1_58' title='bbox 1663 1223 1937 1319; x_wconf 89' lang='lat' dir='ltr'>globum</span> <span class='ocrx_word' id='word_1_59' title='bbox 1970 1224 2233 1294; x_wconf 87' lang='lat' dir='ltr'>inveniri</span> <span class='ocrx_word' id='word_1_60' title='bbox 2277 1222 2478 1319; x_wconf 84' lang='lat' dir='ltr'>potest</span> 
     </span>
     <span class='ocr_line' id='line_1_10' title="bbox 527 1311 2483 1409; baseline 0.003 -27"><span class='ocrx_word' id='word_1_61' title='bbox 527 1315 719 1387; x_wconf 80' lang='lat' dir='ltr'>variis</span> <span class='ocrx_word' id='word_1_62' title='bbox 740 1314 954 1383; x_wconf 88' lang='lat' dir='ltr'>modis</span> <span class='ocrx_word' id='word_1_63' title='bbox 979 1367 1001 1400; x_wconf 85' lang='lat'><strong>,</strong></span> <span class='ocrx_word' id='word_1_64' title='bbox 1039 1335 1110 1384; x_wconf 89' lang='lat' dir='ltr'>ut</span> <span class='ocrx_word' id='word_1_65' title='bbox 1132 1311 1436 1409; x_wconf 64' lang='lat' dir='ltr'>sequitur.</span> <span class='ocrx_word' id='word_1_66' title='bbox 1469 1341 1528 1384; x_wconf 90' lang='lat'>1.</span> <span class='ocrx_word' id='word_1_67' title='bbox 1556 1319 1911 1387; x_wconf 73' lang='lat' dir='ltr'>Per‘ortum</span> <span class='ocrx_word' id='word_1_68' title='bbox 1936 1320 2010 1385; x_wconf 73' lang='grc' dir='ltr'>δε</span> <span class='ocrx_word' id='word_1_69' title='bbox 2030 1315 2331 1387; x_wconf 88' lang='lat' dir='ltr'>occasum</span> <span class='ocrx_word' id='word_1_70' title='bbox 2354 1319 2483 1388; x_wconf 85' lang='lat' dir='ltr'>So-</span> 
     </span>
     <span class='ocr_line' id='line_1_11' title="bbox 527 1404 2475 1505; baseline 0.002 -27"><span class='ocrx_word' id='word_1_71' title='bbox 527 1404 632 1478; x_wconf 90' lang='lat' dir='ltr'>lis.</span> <span class='ocrx_word' id='word_1_72' title='bbox 684 1431 715 1475; x_wconf 91' lang='lat'>1</span> <span class='ocrx_word' id='word_1_73' title='bbox 731 1433 793 1476; x_wconf 87' lang='grc' dir='ltr'>ι.</span> <span class='ocrx_word' id='word_1_74' title='bbox 845 1410 971 1480; x_wconf 89' lang='lat' dir='ltr'>Per</span> <span class='ocrx_word' id='word_1_75' title='bbox 1014 1406 1203 1505; x_wconf 75' lang='lat' dir='ltr'>ipsius</span> <span class='ocrx_word' id='word_1_76' title='bbox 1253 1408 1557 1479; x_wconf 86' lang='lat' dir='ltr'>Azimuth</span> <span class='ocrx_word' id='word_1_77' title='bbox 1604 1432 1720 1504; x_wconf 91' lang='lat' dir='ltr'>per</span> <span class='ocrx_word' id='word_1_78' title='bbox 1767 1431 2006 1487; x_wconf 71' lang='lat' dir='ltr'>certam</span> <span class='ocrx_word' id='word_1_79' title='bbox 2049 1409 2475 1481; x_wconf 76' lang='lat' dir='ltr'>altitudinem.</span> 
     </span>
     <span class='ocr_line' id='line_1_12' title="bbox 535 1501 2504 1595; baseline 0.003 -28"><span class='ocrx_word' id='word_1_80' title='bbox 535 1524 690 1570; x_wconf 87' lang='lat'>111.</span> <span class='ocrx_word' id='word_1_81' title='bbox 741 1503 866 1572; x_wconf 88' lang='lat' dir='ltr'>Per</span> <span class='ocrx_word' id='word_1_82' title='bbox 901 1507 1244 1574; x_wconf 80' lang='lat' dir='ltr'>maximam</span> <span class='ocrx_word' id='word_1_83' title='bbox 1290 1505 1718 1571; x_wconf 84' lang='lat' dir='ltr'>remotionem</span> <span class='ocrx_word' id='word_1_84' title='bbox 1756 1504 1792 1570; x_wconf 77' lang='lat' dir='ltr'>a</span> <span class='ocrx_word' id='word_1_85' title='bbox 1829 1501 2250 1595; x_wconf 86' lang='lat' dir='ltr'>septentrione</span> <span class='ocrx_word' id='word_1_86' title='bbox 2270 1503 2504 1573; x_wconf 54' lang='lat' dir='ltr'>versusx</span> 
     </span>
     <span class='ocr_line' id='line_1_13' title="bbox 529 1594 2479 1689; baseline 0.003 -27"><span class='ocrx_word' id='word_1_87' title='bbox 529 1612 749 1663; x_wconf 88' lang='lat' dir='ltr'>ortum</span> <span class='ocrx_word' id='word_1_88' title='bbox 769 1615 879 1665; x_wconf 88' lang='lat' dir='ltr'>aut</span> <span class='ocrx_word' id='word_1_89' title='bbox 897 1596 1194 1670; x_wconf 76' lang='lat' dir='ltr'>oceafitm</span> <span class='ocrx_word' id='word_1_90' title='bbox 1237 1594 1489 1663; x_wconf 88' lang='lat' dir='ltr'>istarum</span> <span class='ocrx_word' id='word_1_91' title='bbox 1529 1594 1839 1665; x_wconf 86' lang='lat' dir='ltr'>stellarum</span> <span class='ocrx_word' id='word_1_92' title='bbox 1862 1618 2005 1689; x_wconf 86' lang='lat' dir='ltr'>quae</span> <span class='ocrx_word' id='word_1_93' title='bbox 2028 1598 2198 1664; x_wconf 89' lang='lat' dir='ltr'>circa</span> <span class='ocrx_word' id='word_1_94' title='bbox 2245 1595 2479 1668; x_wconf 82' lang='lat' dir='ltr'>Polum</span> 
     </span>
     <span class='ocr_line' id='line_1_14' title="bbox 528 1684 2485 1791; baseline 0.003 -36"><span class='ocrx_word' id='word_1_95' title='bbox 528 1684 1026 1791; x_wconf 53' lang='lat' dir='ltr'>conspicuum2a</span> <span class='ocrx_word' id='word_1_96' title='bbox 1051 1688 1284 1758; x_wconf 89' lang='lat' dir='ltr'>Zenith</span> <span class='ocrx_word' id='word_1_97' title='bbox 1304 1687 1508 1757; x_wconf 86' lang='lat' dir='ltr'>versus</span> <span class='ocrx_word' id='word_1_98' title='bbox 1528 1687 2020 1782; x_wconf 87' lang='lat' dir='ltr'>septentrionem</span> <span class='ocrx_word' id='word_1_99' title='bbox 2045 1743 2067 1775; x_wconf 86' lang='lat'>‚</span> <span class='ocrx_word' id='word_1_100' title='bbox 2114 1691 2485 1761; x_wconf 84' lang='lat' dir='ltr'>converfio-</span> 
     </span>
     <span class='ocr_line' id='line_1_15' title="bbox 528 1781 2481 1857; baseline 0.004 -9"><span class='ocrx_word' id='word_1_101' title='bbox 528 1804 642 1849; x_wconf 89' lang='lat' dir='ltr'>nes</span> <span class='ocrx_word' id='word_1_102' title='bbox 676 1785 810 1852; x_wconf 73' lang='lat' dir='ltr'>luas</span> <span class='ocrx_word' id='word_1_103' title='bbox 832 1782 1088 1852; x_wconf 85' lang='lat' dir='ltr'>habent.</span> <span class='ocrx_word' id='word_1_104' title='bbox 1122 1807 1223 1854; x_wconf 74' lang='grc' dir='ltr'>ιν.</span> <span class='ocrx_word' id='word_1_105' title='bbox 1254 1785 1378 1852; x_wconf 92' lang='lat' dir='ltr'>Per</span> <span class='ocrx_word' id='word_1_106' title='bbox 1398 1783 1706 1855; x_wconf 90' lang='lat' dir='ltr'>Azimuth</span> <span class='ocrx_word' id='word_1_107' title='bbox 1724 1783 1807 1853; x_wconf 85' lang='lat' dir='ltr'>ad</span> <span class='ocrx_word' id='word_1_108' title='bbox 1827 1781 2044 1855; x_wconf 84' lang='lat' dir='ltr'>datam</span> <span class='ocrx_word' id='word_1_109' title='bbox 2076 1782 2481 1857; x_wconf 79' lang='lat' dir='ltr'>altitudinem</span> 
     </span>
     <span class='ocr_line' id='line_1_16' title="bbox 527 1874 1458 1963; baseline -0.002 -17"><span class='ocrx_word' id='word_1_110' title='bbox 527 1877 595 1956; x_wconf 87' lang='lat' dir='ltr'>in</span> <span class='ocrx_word' id='word_1_111' title='bbox 618 1874 756 1946; x_wconf 88' lang='lat' dir='ltr'>aliis</span> <span class='ocrx_word' id='word_1_112' title='bbox 779 1876 989 1963; x_wconf 86' lang='lat' dir='ltr'>stellis,</span> <span class='ocrx_word' id='word_1_113' title='bbox 1009 1876 1166 1948; x_wconf 88' lang='lat' dir='ltr'>ficut</span> <span class='ocrx_word' id='word_1_114' title='bbox 1190 1878 1256 1945; x_wconf 91' lang='lat' dir='ltr'>in</span> <span class='ocrx_word' id='word_1_115' title='bbox 1281 1875 1458 1948; x_wconf 88' lang='lat' dir='ltr'>Sole.</span> 
     </span>
    </p>
   </div>
   <div class='ocr_carea' id='block_1_4' title="bbox 531 2032 2486 2334">
    <p class='ocr_par' dir='ltr' id='par_1_4' title="bbox 531 2032 2486 2334">
     <span class='ocr_line' id='line_1_17' title="bbox 942 2032 2095 2138; baseline -0.003 -32"><span class='ocrx_word' id='word_1_116' title='bbox 942 2038 1058 2106; x_wconf 80' lang='lat' dir='ltr'>Per</span> <span class='ocrx_word' id='word_1_117' title='bbox 1098 2054 1282 2105; x_wconf 67' lang='lat' dir='ltr'>ortum</span> <span class='ocrx_word' id='word_1_118' title='bbox 1319 2033 1394 2104; x_wconf 85' lang='lat'><em>&amp;</em></span> <span class='ocrx_word' id='word_1_119' title='bbox 1429 2032 1681 2129; x_wconf 79' lang='lat' dir='ltr'>occasum</span> <span class='ocrx_word' id='word_1_120' title='bbox 1694 2037 1830 2119; x_wconf 60' lang='lat' dir='ltr'>Sqlis</span> <span class='ocrx_word' id='word_1_121' title='bbox 1843 2035 1934 2126; x_wconf 80' lang='lat' dir='ltr'>fic</span> <span class='ocrx_word' id='word_1_122' title='bbox 1974 2058 2095 2138; x_wconf 83' lang='lat' dir='ltr'>age.</span> 
     </span>
     <span class='ocr_line' id='line_1_18' title="bbox 531 2165 2486 2334; baseline -0.003 -94"><span class='ocrx_word' id='word_1_123' title='bbox 531 2169 683 2334; x_wconf 84' lang='lat' dir='ltr'>IN</span> <span class='ocrx_word' id='word_1_124' title='bbox 717 2167 932 2242; x_wconf 88' lang='lat' dir='ltr'>tabula</span> <span class='ocrx_word' id='word_1_125' title='bbox 959 2169 1143 2265; x_wconf 88' lang='lat' dir='ltr'>plana</span> <span class='ocrx_word' id='word_1_126' title='bbox 1169 2169 1588 2240; x_wconf 88' lang='lat' dir='ltr'>&amp;horizonti</span> <span class='ocrx_word' id='word_1_127' title='bbox 1626 2165 1915 2263; x_wconf 83' lang='lat' dir='ltr'>parallela</span> <span class='ocrx_word' id='word_1_128' title='bbox 1952 2166 2235 2238; x_wconf 75' lang='lat' dir='ltr'>destribe</span> <span class='ocrx_word' id='word_1_129' title='bbox 2276 2167 2486 2238; x_wconf 79' lang='lat' dir='ltr'>circu·</span> 
     </span>
    </p>
   </div>
   <div class='ocr_carea' id='block_1_5' title="bbox 466 2255 2601 3947">
    <p class='ocr_par' dir='ltr' id='par_1_5' title="bbox 466 2255 2601 3947">
     <span class='ocr_line' id='line_1_19' title="bbox 604 2255 2601 2358; baseline 0.002 -27"><span class='ocrx_word' id='word_1_130' title='bbox 604 2263 735 2344; x_wconf 80' lang='lat' dir='ltr'>lum</span> <span class='ocrx_word' id='word_1_131' title='bbox 765 2314 785 2343; x_wconf 90' lang='lat'><strong>‚</strong></span> <span class='ocrx_word' id='word_1_132' title='bbox 829 2285 1106 2355; x_wconf 88' lang='lat' dir='ltr'>eumque</span> <span class='ocrx_word' id='word_1_133' title='bbox 1148 2287 1263 2358; x_wconf 91' lang='lat' dir='ltr'>per</span> <span class='ocrx_word' id='word_1_134' title='bbox 1304 2266 1495 2335; x_wconf 92' lang='lat' dir='ltr'>binos</span> <span class='ocrx_word' id='word_1_135' title='bbox 1535 2262 1880 2332; x_wconf 86' lang='lat' dir='ltr'>diametros</span> <span class='ocrx_word' id='word_1_136' title='bbox 1922 2263 2107 2332; x_wconf 68' lang='lat' dir='ltr'>restis</span> <span class='ocrx_word' id='word_1_137' title='bbox 2143 2262 2386 2358; x_wconf 85' lang='lat' dir='ltr'>angulis</span> <span class='ocrx_word' id='word_1_138' title='bbox 2425 2255 2490 2334; x_wconf 72' lang='lat' dir='ltr'>st:</span> <span class='ocrx_word' id='word_1_139' title='bbox 2586 2314 2601 2336; x_wconf 75' lang='grc'><strong>.</strong></span> 
     </span>
     <span class='ocr_line' id='line_1_20' title="bbox 531 2348 2488 2454; baseline -0.001 -29"><span class='ocrx_word' id='word_1_140' title='bbox 531 2355 926 2426; x_wconf 72' lang='lat' dir='ltr'>demffintes</span> <span class='ocrx_word' id='word_1_141' title='bbox 971 2355 1192 2425; x_wconf 80' lang='lat' dir='ltr'>divide</span> <span class='ocrx_word' id='word_1_142' title='bbox 1236 2362 1297 2424; x_wconf 90' lang='lat' dir='ltr'>in</span> <span class='ocrx_word' id='word_1_143' title='bbox 1349 2377 1623 2450; x_wconf 86' lang='lat' dir='ltr'>quatuor</span> <span class='ocrx_word' id='word_1_144' title='bbox 1664 2348 2048 2454; x_wconf 80' lang='lat' dir='ltr'>quadrantes</span> <span class='ocrx_word' id='word_1_145' title='bbox 2073 2406 2095 2438; x_wconf 87' lang='lat'><strong>,</strong></span> <span class='ocrx_word' id='word_1_146' title='bbox 2143 2356 2217 2423; x_wconf 88' lang='lat'>&amp;</span> <span class='ocrx_word' id='word_1_147' title='bbox 2253 2359 2488 2424; x_wconf 86' lang='lat' dir='ltr'>horum</span> 
     </span>
     <span class='ocr_line' id='line_1_21' title="bbox 531 2446 2493 2544; baseline -0.001 -27"><span class='ocrx_word' id='word_1_148' title='bbox 531 2449 885 2544; x_wconf 89' lang='lat' dir='ltr'>quemlibet</span> <span class='ocrx_word' id='word_1_149' title='bbox 908 2452 968 2515; x_wconf 87' lang='lat' dir='ltr'>in</span> <span class='ocrx_word' id='word_1_150' title='bbox 989 2473 1076 2533; x_wconf 87' lang='lat'>90</span> <span class='ocrx_word' id='word_1_151' title='bbox 1098 2449 1329 2541; x_wconf 85' lang='lat' dir='ltr'>gradus</span> <span class='ocrx_word' id='word_1_152' title='bbox 1355 2480 1378 2532; x_wconf 85' lang='lat'>3</span> <span class='ocrx_word' id='word_1_153' title='bbox 1420 2450 1851 2517; x_wconf 80' lang='lat' dir='ltr'>extremitates</span> <span class='ocrx_word' id='word_1_154' title='bbox 1872 2446 2332 2517; x_wconf 85' lang='lat' dir='ltr'>diametrorum</span> <span class='ocrx_word' id='word_1_155' title='bbox 2360 2470 2493 2515; x_wconf 87' lang='lat' dir='ltr'>no-</span> 
     </span>
     <span class='ocr_line' id='line_1_22' title="bbox 528 2539 2492 2634; baseline -0.002 -20"><span class='ocrx_word' id='word_1_156' title='bbox 528 2565 596 2614; x_wconf 90' lang='lat' dir='ltr'>ta</span> <span class='ocrx_word' id='word_1_157' title='bbox 616 2539 946 2613; x_wconf 86' lang='lat' dir='ltr'>vocabulis</span> <span class='ocrx_word' id='word_1_158' title='bbox 964 2543 1255 2610; x_wconf 74' lang='lat' dir='ltr'>&#39;meridiei</span> <span class='ocrx_word' id='word_1_159' title='bbox 1275 2596 1294 2625; x_wconf 88' lang='lat'>,</span> <span class='ocrx_word' id='word_1_160' title='bbox 1341 2541 1784 2634; x_wconf 81' lang='lat' dir='ltr'>septentrionis</span> <span class='ocrx_word' id='word_1_161' title='bbox 1809 2588 1830 2619; x_wconf 82' lang='lat'><strong>,</strong></span> <span class='ocrx_word' id='word_1_162' title='bbox 1875 2542 2141 2611; x_wconf 87' lang='lat' dir='ltr'>orientis</span> <span class='ocrx_word' id='word_1_163' title='bbox 2167 2594 2189 2627; x_wconf 86' lang='lat'><strong>,</strong></span> <span class='ocrx_word' id='word_1_164' title='bbox 2213 2547 2287 2611; x_wconf 87' lang='lat'>&amp;</span> <span class='ocrx_word' id='word_1_165' title='bbox 2308 2542 2492 2611; x_wconf 81' lang='lat' dir='ltr'>ocei-</span> 
     </span>
     <span class='ocr_line' id='line_1_23' title="bbox 532 2631 2492 2728; baseline -0.002 -20"><span class='ocrx_word' id='word_1_166' title='bbox 532 2635 764 2726; x_wconf 74' lang='lat' dir='ltr'>dentis.</span> <span class='ocrx_word' id='word_1_167' title='bbox 811 2639 886 2706; x_wconf 90' lang='lat' dir='ltr'>In</span> <span class='ocrx_word' id='word_1_168' title='bbox 925 2654 1150 2717; x_wconf 85' lang='lat' dir='ltr'>centro</span> <span class='ocrx_word' id='word_1_169' title='bbox 1189 2637 1364 2728; x_wconf 85' lang='lat' dir='ltr'>erige</span> <span class='ocrx_word' id='word_1_170' title='bbox 1404 2633 1631 2727; x_wconf 86' lang='lat' dir='ltr'>stylum</span> <span class='ocrx_word' id='word_1_171' title='bbox 1669 2631 1941 2713; x_wconf 84' lang='lat' dir='ltr'>ferreum</span> <span class='ocrx_word' id='word_1_172' title='bbox 1981 2655 2088 2704; x_wconf 84' lang='lat' dir='ltr'>aut</span> <span class='ocrx_word' id='word_1_173' title='bbox 2112 2660 2344 2707; x_wconf 83' lang='lat' dir='ltr'>aereum</span> <span class='ocrx_word' id='word_1_174' title='bbox 2366 2660 2492 2705; x_wconf 78' lang='lat' dir='ltr'>un-</span> 
     </span>
     <span class='ocr_line' id='line_1_24' title="bbox 535 2726 2487 2827; baseline -0.004 -22"><span class='ocrx_word' id='word_1_175' title='bbox 535 2732 861 2827; x_wconf 79' lang='lat' dir='ltr'>diquaque</span> <span class='ocrx_word' id='word_1_176' title='bbox 896 2727 975 2796; x_wconf 90' lang='lat' dir='ltr'>ad</span> <span class='ocrx_word' id='word_1_177' title='bbox 1016 2728 1226 2800; x_wconf 63' lang='lat' dir='ltr'>rectos</span> <span class='ocrx_word' id='word_1_178' title='bbox 1249 2751 1400 2798; x_wconf 87' lang='lat' dir='ltr'>cum</span> <span class='ocrx_word' id='word_1_179' title='bbox 1436 2726 1650 2797; x_wconf 83' lang='lat' dir='ltr'>tabula</span> <span class='ocrx_word' id='word_1_180' title='bbox 1685 2726 1975 2823; x_wconf 84' lang='lat' dir='ltr'>angulos.</span> <span class='ocrx_word' id='word_1_181' title='bbox 2028 2733 2204 2802; x_wconf 83' lang='lat' dir='ltr'>Dein</span> <span class='ocrx_word' id='word_1_182' title='bbox 2243 2752 2370 2825; x_wconf 71' lang='lat' dir='ltr'>per-</span> <span class='ocrx_word' id='word_1_183' title='bbox 2404 2729 2487 2798; x_wconf 84' lang='lat'>18</span> 
     </span>
     <span class='ocr_line' id='line_1_25' title="bbox 537 2819 2492 2986; baseline -0.003 -89"><span class='ocrx_word' id='word_1_184' title='bbox 537 2827 872 2939; x_wconf 86' lang='lat' dir='ltr'>problema</span> <span class='ocrx_word' id='word_1_185' title='bbox 917 2825 1167 2917; x_wconf 88' lang='lat' dir='ltr'>inquire</span> <span class='ocrx_word' id='word_1_186' title='bbox 1210 2827 1275 2893; x_wconf 89' lang='lat' dir='ltr'>in</span> <span class='ocrx_word' id='word_1_187' title='bbox 1318 2846 1455 2918; x_wconf 92' lang='lat' dir='ltr'>quo</span> <span class='ocrx_word' id='word_1_188' title='bbox 1476 2819 1692 2986; x_wconf 45' lang='lat' dir='ltr'>§tadu</span> <span class='ocrx_word' id='word_1_189' title='bbox 1732 2825 2087 2897; x_wconf 84' lang='lat' dir='ltr'>horizontis</span> <span class='ocrx_word' id='word_1_190' title='bbox 2111 2827 2224 2899; x_wconf 93' lang='lat' dir='ltr'>Sol</span> <span class='ocrx_word' id='word_1_191' title='bbox 2245 2828 2492 2895; x_wconf 85' lang='lat' dir='ltr'>oriatur</span> 
     </span>
     <span class='ocr_line' id='line_1_26' title="bbox 535 2916 2491 3018; baseline -0.003 -24"><span class='ocrx_word' id='word_1_192' title='bbox 535 2943 648 2994; x_wconf 85' lang='lat' dir='ltr'>aut</span> <span class='ocrx_word' id='word_1_193' title='bbox 687 2921 948 2994; x_wconf 87' lang='lat' dir='ltr'>occidat</span> <span class='ocrx_word' id='word_1_194' title='bbox 990 2917 1072 2986; x_wconf 83' lang='lat' dir='ltr'>ad</span> <span class='ocrx_word' id='word_1_195' title='bbox 1092 2916 1265 2992; x_wconf 88' lang='lat' dir='ltr'>diem</span> <span class='ocrx_word' id='word_1_196' title='bbox 1287 2919 1472 3013; x_wconf 89' lang='lat' dir='ltr'>quoi</span> <span class='ocrx_word' id='word_1_197' title='bbox 1541 2916 1914 3016; x_wconf 85' lang='lat' dir='ltr'>investigare</span> <span class='ocrx_word' id='word_1_198' title='bbox 1938 2924 2120 3018; x_wconf 85' lang='lat' dir='ltr'>cupis</span> <span class='ocrx_word' id='word_1_199' title='bbox 2143 2974 2163 3005; x_wconf 89' lang='lat'>‚</span> <span class='ocrx_word' id='word_1_200' title='bbox 2207 2917 2491 3015; x_wconf 80' lang='lat' dir='ltr'>exempli</span> 
     </span>
     <span class='ocr_line' id='line_1_27' title="bbox 496 3010 2491 3108; baseline -0.002 -21"><span class='ocrx_word' id='word_1_201' title='bbox 496 3062 499 3065; x_wconf 96' lang='lat'>-</span> <span class='ocrx_word' id='word_1_202' title='bbox 535 3014 717 3103; x_wconf 65' lang='lat' dir='ltr'>eausa</span> <span class='ocrx_word' id='word_1_203' title='bbox 745 3070 765 3102; x_wconf 90' lang='lat'>,</span> <span class='ocrx_word' id='word_1_204' title='bbox 811 3010 1415 3100; x_wconf 79' lang='lat' dir='ltr'>Amstelodamidie</span> <span class='ocrx_word' id='word_1_205' title='bbox 1456 3037 1540 3103; x_wconf 92' lang='lat'>25</span> <span class='ocrx_word' id='word_1_206' title='bbox 1589 3013 1750 3107; x_wconf 88' lang='lat' dir='ltr'>Maji</span> <span class='ocrx_word' id='word_1_207' title='bbox 1771 3046 1794 3098; x_wconf 84' lang='lat'>3</span> <span class='ocrx_word' id='word_1_208' title='bbox 1840 3017 1911 3081; x_wconf 92' lang='lat'>&amp;</span> <span class='ocrx_word' id='word_1_209' title='bbox 1950 3017 2226 3108; x_wconf 70' lang='lat' dir='ltr'>ingenies</span> <span class='ocrx_word' id='word_1_210' title='bbox 2268 3012 2491 3084; x_wconf 84' lang='lat' dir='ltr'>Solem</span> 
     </span>
     <span class='ocr_line' id='line_1_28' title="bbox 535 3105 2487 3216; baseline 0.001 -40"><span class='ocrx_word' id='word_1_211' title='bbox 535 3108 718 3216; x_wconf 82' lang='lat' dir='ltr'>grad.</span> <span class='ocrx_word' id='word_1_212' title='bbox 774 3116 861 3204; x_wconf 86' lang='lat'>36</span> <span class='ocrx_word' id='word_1_213' title='bbox 897 3107 981 3179; x_wconf 89' lang='lat' dir='ltr'>ab</span> <span class='ocrx_word' id='word_1_214' title='bbox 1017 3110 1266 3177; x_wconf 84' lang='lat' dir='ltr'>oriente</span> <span class='ocrx_word' id='word_1_215' title='bbox 1309 3105 1515 3178; x_wconf 60' lang='lat' dir='ltr'>veraesus</span> <span class='ocrx_word' id='word_1_216' title='bbox 1553 3109 1636 3179; x_wconf 91' lang='lat' dir='ltr'>Se</span> <span class='ocrx_word' id='word_1_217' title='bbox 1687 3107 2073 3185; x_wconf 71' lang='lat' dir='ltr'>tentrionem</span> <span class='ocrx_word' id='word_1_218' title='bbox 2097 3108 2255 3179; x_wconf 86' lang='lat' dir='ltr'>oriri</span> <span class='ocrx_word' id='word_1_219' title='bbox 2274 3129 2487 3193; x_wconf 85' lang='lat' dir='ltr'>mane,</span> 
     </span>
     <span class='ocr_line' id='line_1_29' title="bbox 538 3198 2488 3294; baseline -0.001 -22"><span class='ocrx_word' id='word_1_220' title='bbox 538 3210 614 3272; x_wconf 77' lang='grc' dir='ltr'>δε</span> <span class='ocrx_word' id='word_1_221' title='bbox 650 3204 922 3289; x_wconf 70' lang='lat' dir='ltr'>totidem</span> <span class='ocrx_word' id='word_1_222' title='bbox 958 3200 1137 3294; x_wconf 84' lang='lat' dir='ltr'>grad.</span> <span class='ocrx_word' id='word_1_223' title='bbox 1187 3198 1426 3293; x_wconf 80' lang='lat' dir='ltr'>vesperi</span> <span class='ocrx_word' id='word_1_224' title='bbox 1466 3205 1612 3271; x_wconf 83' lang='lat' dir='ltr'>occi</span> <span class='ocrx_word' id='word_1_225' title='bbox 1661 3223 1768 3271; x_wconf 85' lang='lat' dir='ltr'>ere</span> <span class='ocrx_word' id='word_1_226' title='bbox 1784 3200 1869 3271; x_wconf 86' lang='lat' dir='ltr'>ab</span> <span class='ocrx_word' id='word_1_227' title='bbox 1889 3201 2232 3273; x_wconf 84' lang='lat' dir='ltr'>occidente</span> <span class='ocrx_word' id='word_1_228' title='bbox 2269 3201 2352 3272; x_wconf 83' lang='lat' dir='ltr'>ad</span> <span class='ocrx_word' id='word_1_229' title='bbox 2393 3199 2488 3271; x_wconf 91' lang='lat' dir='ltr'>se-</span> 
     </span>
     <span class='ocr_line' id='line_1_30' title="bbox 535 3293 2486 3393; baseline 0 -27"><span class='ocrx_word' id='word_1_230' title='bbox 535 3302 994 3393; x_wconf 83' lang='lat' dir='ltr'>ptentrionem.</span> <span class='ocrx_word' id='word_1_231' title='bbox 1038 3293 1168 3363; x_wconf 90' lang='lat' dir='ltr'>Isto</span> <span class='ocrx_word' id='word_1_232' title='bbox 1193 3294 1393 3389; x_wconf 88' lang='lat' dir='ltr'>igitur</span> <span class='ocrx_word' id='word_1_233' title='bbox 1427 3294 1534 3365; x_wconf 89' lang='lat' dir='ltr'>die</span> <span class='ocrx_word' id='word_1_234' title='bbox 1557 3295 1709 3369; x_wconf 87' lang='lat' dir='ltr'>Sole</span> <span class='ocrx_word' id='word_1_235' title='bbox 1729 3319 1913 3366; x_wconf 82' lang='lat' dir='ltr'>mane</span> <span class='ocrx_word' id='word_1_236' title='bbox 1932 3299 2180 3367; x_wconf 85' lang='lat' dir='ltr'>oriente</span> <span class='ocrx_word' id='word_1_237' title='bbox 2204 3295 2486 3367; x_wconf 88' lang='lat' dir='ltr'>tabulam</span> 
     </span>
     <span class='ocr_line' id='line_1_31' title="bbox 533 3387 2486 3488; baseline 0.001 -29"><span class='ocrx_word' id='word_1_238' title='bbox 533 3408 819 3488; x_wconf 81' lang='lat' dir='ltr'>paratam</span> <span class='ocrx_word' id='word_1_239' title='bbox 842 3389 1077 3458; x_wconf 80' lang='lat' dir='ltr'>habens</span> <span class='ocrx_word' id='word_1_240' title='bbox 1098 3445 1117 3469; x_wconf 90' lang='lat'><em>,</em></span> <span class='ocrx_word' id='word_1_241' title='bbox 1160 3407 1294 3457; x_wconf 84' lang='lat' dir='ltr'>tam</span> <span class='ocrx_word' id='word_1_242' title='bbox 1316 3387 1426 3458; x_wconf 89' lang='lat' dir='ltr'>diu</span> <span class='ocrx_word' id='word_1_243' title='bbox 1457 3411 1598 3458; x_wconf 88' lang='lat' dir='ltr'>eam</span> <span class='ocrx_word' id='word_1_244' title='bbox 1635 3409 1940 3460; x_wconf 83' lang='lat' dir='ltr'>converte</span> <span class='ocrx_word' id='word_1_245' title='bbox 1963 3443 1982 3474; x_wconf 89' lang='lat'>,</span> <span class='ocrx_word' id='word_1_246' title='bbox 2024 3389 2237 3461; x_wconf 90' lang='lat' dir='ltr'>donee</span> <span class='ocrx_word' id='word_1_247' title='bbox 2261 3387 2486 3460; x_wconf 83' lang='lat' dir='ltr'>umbra</span> 
     </span>
     <span class='ocr_line' id='line_1_32' title="bbox 478 3479 2483 3579; baseline -0.001 -23"><span class='ocrx_word' id='word_1_248' title='bbox 478 3484 483 3489; x_wconf 74' lang='grc'><strong><em>’</em></strong></span> <span class='ocrx_word' id='word_1_249' title='bbox 535 3485 676 3579; x_wconf 85' lang='lat' dir='ltr'>styli</span> <span class='ocrx_word' id='word_1_250' title='bbox 723 3488 790 3552; x_wconf 91' lang='lat' dir='ltr'>in</span> <span class='ocrx_word' id='word_1_251' title='bbox 836 3503 1082 3553; x_wconf 89' lang='lat' dir='ltr'>tantum</span> <span class='ocrx_word' id='word_1_252' title='bbox 1123 3479 1311 3550; x_wconf 83' lang='lat' dir='ltr'>cadat</span> <span class='ocrx_word' id='word_1_253' title='bbox 1353 3480 1439 3551; x_wconf 87' lang='lat' dir='ltr'>ab</span> <span class='ocrx_word' id='word_1_254' title='bbox 1482 3482 1827 3552; x_wconf 82' lang='lat' dir='ltr'>occidente</span> <span class='ocrx_word' id='word_1_255' title='bbox 1870 3481 2078 3556; x_wconf 84' lang='lat' dir='ltr'>versus</span> <span class='ocrx_word' id='word_1_256' title='bbox 2125 3483 2483 3570; x_wconf 78' lang='lat' dir='ltr'>meridiem,</span> 
     </span>
     <span class='ocr_line' id='line_1_33' title="bbox 534 3574 2488 3676; baseline -0.001 -27"><span class='ocrx_word' id='word_1_257' title='bbox 534 3597 847 3675; x_wconf 84' lang='lat' dir='ltr'>quantum</span> <span class='ocrx_word' id='word_1_258' title='bbox 880 3574 995 3648; x_wconf 89' lang='lat' dir='ltr'>Sol</span> <span class='ocrx_word' id='word_1_259' title='bbox 1036 3592 1402 3646; x_wconf 87' lang='lat' dir='ltr'>removetur</span> <span class='ocrx_word' id='word_1_260' title='bbox 1447 3574 1530 3643; x_wconf 87' lang='lat' dir='ltr'>ab</span> <span class='ocrx_word' id='word_1_261' title='bbox 1569 3581 1820 3646; x_wconf 84' lang='lat' dir='ltr'>oriente</span> <span class='ocrx_word' id='word_1_262' title='bbox 1861 3576 2065 3652; x_wconf 85' lang='lat' dir='ltr'>versus</span> <span class='ocrx_word' id='word_1_263' title='bbox 2105 3578 2488 3676; x_wconf 69' lang='lat' dir='ltr'>septentrio-</span> 
     </span>
     <span class='ocr_line' id='line_1_34' title="bbox 535 3664 2491 3767; baseline 0 -23"><span class='ocrx_word' id='word_1_264' title='bbox 535 3678 684 3761; x_wconf 74' lang='lat' dir='ltr'>n&#39;em</span> <span class='ocrx_word' id='word_1_265' title='bbox 710 3697 729 3743; x_wconf 78' lang='lat' dir='ltr'>t</span> <span class='ocrx_word' id='word_1_266' title='bbox 774 3672 939 3744; x_wconf 90' lang='lat' dir='ltr'>linea</span> <span class='ocrx_word' id='word_1_267' title='bbox 970 3672 1167 3767; x_wconf 72' lang='lat' dir='ltr'>igitur</span> <span class='ocrx_word' id='word_1_268' title='bbox 1193 3667 1581 3739; x_wconf 81' lang='lat' dir='ltr'>meridiei&amp;</span> <span class='ocrx_word' id='word_1_269' title='bbox 1605 3664 2048 3763; x_wconf 72' lang='lat' dir='ltr'>septentrionis</span> <span class='ocrx_word' id='word_1_270' title='bbox 2070 3680 2136 3749; x_wconf 87' lang='lat' dir='ltr'>in</span> <span class='ocrx_word' id='word_1_271' title='bbox 2154 3671 2365 3757; x_wconf 75' lang='lat' dir='ltr'>tabula</span> <span class='ocrx_word' id='word_1_272' title='bbox 2383 3695 2491 3744; x_wconf 69' lang='lat' dir='ltr'>ae·-</span> 
     </span>
     <span class='ocr_line' id='line_1_35' title="bbox 466 3762 2433 3947; baseline -0.006 -85"><span class='ocrx_word' id='word_1_273' title='bbox 466 3834 471 3839; x_wconf 41' lang='lat'><em>1</em></span> <span class='ocrx_word' id='word_1_274' title='bbox 533 3767 875 3891; x_wconf 48' lang='lat' dir='ltr'>spondeat.</span> <span class='ocrx_word' id='word_1_275' title='bbox 897 3766 1077 3868; x_wconf 60' lang='lat' dir='ltr'>lineae</span> <span class='ocrx_word' id='word_1_276' title='bbox 1095 3763 1458 3868; x_wconf 48' lang='lat' dir='ltr'>meridianae</span> <span class='ocrx_word' id='word_1_277' title='bbox 1477 3766 1542 3837; x_wconf 87' lang='lat' dir='ltr'>in</span> <span class='ocrx_word' id='word_1_278' title='bbox 1560 3762 1741 3853; x_wconf 55' lang='lat' dir='ltr'>93qu</span> <span class='ocrx_word' id='word_1_279' title='bbox 2371 3863 2433 3947; x_wconf 54' lang='grc' dir='ltr'><em>ἒ</em></span> 
     </span>
    </p>
   </div>
  </div>
 </body>
</html>
