2666 4469
496 1723 502 1731 ,
632 1649 833 1716 aroris
876 1647 903 1735 (
968 1666 1045 1710 ro
1066 1643 1242 1711 horis
1260 1665 1304 1711 2
1331 1692 1353 1725 ‚
1399 1621 1556 1710 min.
1582 1642 1766 1804 πή)
1799 1625 2151 1714 trdnfierint
2170 1663 2285 1737 per
2303 1664 2454 1713 mea

486 1667 805 1808 zdi'anum
825 1788 848 1819 ‚
942 1755 1160 1831 xoque
1179 1733 1431 1833 globo,
1474 1730 1624 1804 vide
1644 1759 1682 1804 u
1732 1737 1755 1803 i
1776 1733 2056 1807 Colums
2078 1732 2241 1807 secet
2261 1733 2451 1806 hori-

444 1889 447 1896 ,
490 1850 755 1904 zontem
774 1825 983 1900 versus
1020 1828 1288 1899 boream
1304 1880 1326 1914 ,
1380 1832 1454 1897 &
1495 1826 1792 1901 offendes
1829 1829 2010 1924 grad.
2043 1852 2129 1899 21
2159 1882 2181 1917 ‚
2217 1820 2371 1899 inin.
2397 1853 2448 1923 4

490 1926 527 1995 ὃ
546 1922 977 2020 septentrione
993 1919 1207 1995 verfirs
1245 1918 1549 1993 occasum
1572 1953 1597 2007 3
1646 1922 1746 1992 isti
1764 1921 1921 1993 loco
1940 1924 2299 1996 horizontis
2320 1949 2448 1995 no-

490 2038 626 2091 tam
649 2023 911 2119 impone
933 2040 1056 2115 pro
1076 2018 1237 2089 hora
1264 2040 1353 2088 12
1374 2070 1396 2101 ,
1446 2020 1521 2086 δε
1537 2039 1801 2090 numera
1822 2020 1884 2089 in
1907 2015 2262 2114 superficiei
2284 2041 2448 2114 qua-

430 2169 433 2174 .
485 2114 727 2186 drante
747 2139 881 2187 uno
920 2112 1197 2183 totidem
1233 2109 1467 2207 gradus
1504 2112 1542 2180 ὲ
1564 2110 2070 2209 perpendiculari
2115 2116 2173 2182 A
2198 2114 2259 2184 C
2304 2137 2449 2185 ver·-

440 2272 445 2280 .
484 2208 584 2281 sus
630 2211 685 2280 B
710 2263 732 2295 ‚
795 2213 869 2280 δε
894 2230 1009 2303 per
1034 2210 1375 2280 terminum
1397 2209 1855 2280 numerationis
1875 2231 1956 2279 ex
1977 2209 2039 2276 A
2060 2207 2188 2279 duc
2209 2207 2444 2280 lineam

486 2304 754 2392 restam?
776 2306 836 2372 A
859 2308 921 2372 G
946 2355 966 2387 ,
1016 2324 1091 2371 ea
1114 2301 1310 2380 refert
1341 2300 1768 2389 meridianum
1781 2302 1863 2370 ad
1905 2301 2305 2374 latitudinem
2327 2327 2468 2372 au-

396 2414 403 2421 ·
484 2396 740 2472 strinam
756 2387 942 2490 grad.
976 2419 1054 2489 31
1083 2447 1102 2478 ,
1124 2398 1276 2464 min.
1305 2419 1391 2486 55
1418 2447 1440 2479 ‚
1492 2399 1567 2463 &
1591 2398 1654 2462 in
1678 2397 1806 2464 hoc
1832 2391 1975 2463 casu
1995 2397 2121 2463 erit
2137 2392 2444 2488 substyla-

480 2492 567 2571 ris
589 2488 754 2561 linea
780 2541 799 2572 ,
849 2491 954 2557 cui
1087 2486 1184 2557 lus
1224 2491 1558 2558 imminere
1597 2486 1815 2557 debet.
1885 2485 1996 2556 Ad
2031 2489 2443 2573 inveniendas

480 2582 679 2657 horas
724 2584 1027 2652 antemeri
1077 2583 1289 2664 ianas,
1339 2579 1549 2676 globo
1566 2579 1777 2649 adhuc
1800 2584 2085 2652 immoto
2109 2635 2131 2667 ‚
2169 2587 2444 2678 impone

374 2672 377 2677 ¹
478 2677 765 2752 indicem
783 2676 960 2748 horae
979 2672 1387 2745 duodecimae
1411 2727 1430 2758 ‚
1474 2678 1549 2743 δι
1569 2694 1877 2746 converte
1895 2674 2044 2747 dein
2059 2675 2333 2773 globum
2354 2678 2441 2749 ad

480 2791 699 2847 ortum
723 2830 743 2856 ,
795 2771 1011 2842 donec
1039 2790 1121 2862 15
1143 2769 1379 2866 gradus
1414 2771 1759 2864 aeqnatoris
1797 2774 2224 2864 percurrerint
2245 2778 2442 2844 meri·-

478 2865 742 2944 dianum
765 2921 786 2954 ,
837 2885 949 2937 aut
979 2863 1173 2936 index
1191 2861 1486 2936 ostendat
1520 2862 1747 2934 horam
1776 2886 1856 2934 11
1885 2915 1907 2948 ‚
1949 2888 2028 2936 ac
2065 2865 2304 2963 respice
2323 2868 2438 2940 ubi

480 2962 765 3033 Colurus
789 2960 1121 3055 intersecet
1146 2957 1588 3042 horizontem,
1615 2962 1688 3028 &
1711 2980 1863 3027 com
1913 2980 1914 2983 ’
1948 2963 2069 3030 ries
2092 2959 2273 3059 grad.
2306 2987 2393 3033 12
2413 3013 2437 3049 ,

476 3058 632 3125 min.
659 3079 703 3142 9
726 3054 811 3127 ab
837 3054 999 3126 hora·
1023 3079 1108 3124 12
1131 3105 1153 3137 ‚
1207 3050 1339 3122 &h
1366 3052 1719 3125 meridiano
1739 2981 1946 3146 grad?
1953 3078 2029 3148 33
2063 3107 2085 3140 ‚
2129 3058 2285 3125 min.
2321 3081 2432 3150 13.

475 3149 764 3221 Proinde
800 3171 1061 3220 numera
1104 3149 1171 3215 in
1206 3145 1608 3218 semicirculo
1648 3146 1856 3219 versus
1900 3149 1969 3215 D
1992 3198 2013 3231 ,
2060 3149 2199 3219 {xC
2242 3150 2432 3245 grad.

481 3266 608 3324 12,
656 3245 811 3311 min.
843 3266 887 3329 9
911 3294 932 3327 ‚
975 3239 1484 3334 antesubstylari
1533 3242 1585 3311 E
1609 3243 1670 3309 A
1709 3241 1888 3336 grad.
1926 3264 2004 3335 33
2034 3293 2054 3327 ,
2101 3245 2261 3313 min.
2294 3269 2372 3340 13
2407 3297 2433 3331 ,

474 3335 778 3439 (perinde
795 3339 967 3405 enim
988 3334 1054 3406 id
1072 3333 1192 3428 est)
1240 3339 1315 3403 δε
1336 3356 1455 3431 per
1489 3339 1834 3405 terminum
1857 3341 2331 3410 ‘numerationis
2351 3363 2435 3411 ex

472 3451 701 3516 centro
728 3431 807 3498 Ἀ
852 3428 1155 3526 protrahe
1194 3426 1430 3500 lineam
1465 3428 1702 3499 reQam
1722 3482 1744 3513 ,
1772 3450 1917 3523 quae
1958 3432 2433 3529 repraesentabit

470 3525 701 3617 horam
727 3546 760 3594 1
775 3546 837 3593 1.
886 3525 1060 3592 Mox
1125 3519 1352 3592 lobum
1371 3521 1643 3617 amplius
1662 3522 1859 3593 etiem
1878 3543 2058 3598 verte
2075 3528 2159 3598 ad
2180 3547 2430 3615 ortum,

471 3619 686 3699 donec
706 3616 813 3688 alii
830 3639 921 3710 ·1·5
947 3545 1182 3712 graffiis
1201 3620 1550 3711 aequatoris
1575 3615 1930 3690 tranfierint
1949 3622 2368 3694 meridianum
2402 3674 2427 3710 ,

473 3734 581 3806 gut
601 3713 793 3785 index
830 3710 1138 3784 monstret
1176 3712 1404 3784 horam
1435 3737 1521 3784 10
1543 3766 1566 3798 ‚
1618 3716 1695 3782 δε
1717 3733 1874 3785 nota
1913 3714 2427 3799 intersefflonem

470 3808 701 3906 Coluri
724 3812 799 3905 ξς
821 3808 1182 3907 horizontis
1205 3858 1229 3915 2
1274 3804 1732 3906 inveniesque}
1751 3828 1974 3903 notata
1994 3815 2063 3884 in
2079 3811 2430 3983 borizgnte

1421 3938 1425 3945 ·
1586 3920 1593 3927 ·
2305 3927 2440 3982 ota
