2666 4469
367 239 578 300 rna
655 238 1166 300 TERRAM
1248 239 1993 302 IMMOBILEM.
2115 265 2188 320 ‚3

216 347 335 424 45.
366 331 471 401 Ab
493 331 588 402 his
612 328 906 403 subtrahe
923 331 1349 404 ascensionem
1377 335 1613 405 recitam
1644 334 1810 404 Solis
1841 387 1861 419 ‚
1906 355 2056 431 quae
2068 333 2185 409 isto

221 428 328 496 die
348 427 491 523 (per
519 451 598 513 19
626 426 990 523 problema)
1036 427 1125 499 est
1149 435 1190 496 6
1198 437 1229 522 3'
1262 428 1574 522 graduum
1601 483 1621 514 ,
1666 452 1710 496 2
1733 429 1847 499 scr.
1898 436 1972 501 &
1994 433 2184 500 resta-

220 518 379 589 bunt
393 518 630 618 gradus
653 545 813 607 200,
839 518 1045 617 scrup.
1077 544 1189 615 43.
1237 524 1505 614 Qibus
1530 520 1739 595 divifis
1759 547 1874 617 per
1896 549 2007 617 25,
2032 548 2186 618 pro-

218 611 416 684 deunt
458 614 637 684 horae
663 639 742 708 13
775 669 797 699 ,
842 615 957 684 scr.
982 640 1065 709 23
1095 620 1390 709 proxime
1418 670 1438 702 ‚
1485 639 1622 710 quo
1663 637 1954 712 tempore
1971 619 2182 714 elapso

220 710 254 774 a
272 707 539 779 meridie
560 707 684 778 diei
708 709 1065 802 praediaae:
1118 710 1248 780 hoc
1270 711 1360 781 est
1386 764 1407 798 ,
1445 710 1605 782 hora
1633 739 1662 781 1
1695 765 1716 796 ‚
1735 711 1851 782 scr.
1876 738 1964 809 23
1987 766 2010 800 ‚
2035 712 2180 808 post

218 801 499 872 mediam
520 803 809 889 nostem,
832 823 903 873 ut
918 823 1087 876 ante.

557 992 758 1062 XL.
876 992 1848 1066 PROB'LEMA.

221 1099 463 1214 Horam*
487 1147 651 1213 nostis
692 1146 961 1246 indagare
986 1168 1081 1242 per
1087 1142 1379 1235 steaamm
1412 1164 1600 1224 ortum
1622 1169 1722 1215 aut
1742 1150 2030 1241 occafim',
2065 1171 2174 1219 ω

429 1239 719 1334 appulsam
737 1240 822 1310 ad
843 1238 1227 1311 meridianum
1244 1289 1263 1321 ‚
1303 1261 1428 1306 tam
1465 1247 1525 1306 in
1542 1239 1773 1310 meridie
1790 1265 1964 1332 quam

956 1342 1020 1403 in
1037 1335 1418 1430 fiptenniom.

221 1470 330 1622 P
358 1458 762 1531 Roblematis
801 1461 985 1531 hu'us
1032 1466 1244 1554 praxis
1286 1458 1638 1531 admodum
1658 1456 1873 1530 fimilis
1897 1457 1985 1528 est
2005 1464 2182 1554 praxi

355 1554 627 1626 duorum
649 1487 1169 1650 praecedentium.
1243 1556 1408 1627 Polo
1426 1558 1596 1628 enim
1627 1608 1645 1639 ‚
1669 1553 1826 1624 loco
1847 1553 2016 1625 Solis
2033 1612 2052 1638 ,
2078 1557 2180 1623 in·

215 1647 361 1719 dice
380 1703 400 1734 ‚
421 1668 491 1719 ut
511 1671 657 1720 ante
678 1647 1052 1746 compositis
1083 1703 1105 1735 ,
1152 1656 1226 1720 &
1243 1650 1412 1722 stella
1432 1648 1708 1746 quadam
1732 1649 2028 1745 adjundh
2050 1649 2177 1718 ho-

216 1746 450 1813 rizonti
490 1747 708 1814 ortivo
747 1764 855 1813 aut
875 1743 1157 1814 occiduo
1185 1799 1204 1830 ‚
1248 1751 1320 1815 &
1340 1744 1695 1816 meridiano
1742 1746 1822 1812 ad
1863 1743 2171 1831 austrum,

215 1858 326 1908 aut
346 1836 426 1906 ad
448 1839 713 1908 boream
739 1890 759 1921 ‚
781 1836 1071 1906 ostendet
1091 1838 1284 1910 index
1303 1840 1531 1908 horam
1556 1838 1765 1909 noctis
1789 1861 2170 1933 congruam,

213 1932 298 2001 ad
318 1931 491 2001 diem
515 1929 936 2025 propofitum.

308 2027 633 2095 Invenitur
677 2024 871 2093 etiam
912 2022 1071 2093 hora
1109 2018 1344 2116 absque
1382 2023 1595 2094 indice
1639 2042 1755 2115 per
1794 2020 2176 2092 ascenfiones

217 2118 393 2188 Solis
418 2121 493 2184 &
510 2114 819 2186 stellarum
843 2169 862 2201 ,
910 2115 1038 2184 hoc
1061 2113 1267 2184 modo
1292 2140 1310 2184 ε
1367 2120 1437 2187 Si
1477 2115 1712 2184 stellam
1733 2113 2088 2210 conspicias
2108 2120 2175 2185 in

215 2208 487 2282 meridie
509 2264 528 2295 ‚
572 2208 784 2280 deduc
824 2206 1243 2280 ascenfionem
1266 2210 1505 2280 rectam
1525 2209 1692 2282 Solis
1722 2207 1805 2278 ab
1826 2210 2178 2282 alcenfione

215 2307 388 2377 reeta
407 2304 595 2376 stellae
618 2358 638 2390 ,
688 2310 762 2374 &
787 2304 1100 2399 refiduum
1122 2302 1339 2375 divide
1359 2329 1473 2399 per
1497 2332 1525 2373 1
1540 2328 1576 2396 5
1605 2356 1625 2390 ,
1664 2301 1926 2375 habebis
1950 2305 2175 2376 horam

215 2400 558 2496 quaefitam.
621 2401 690 2471 Si
730 2398 967 2469 stellam
987 2397 1200 2470 videas
1245 2404 1309 2469 in
1332 2400 1783 2508 Septentrione
1807 2452 1828 2484 ‚
1867 2397 2177 2472 ascensio-

216 2520 363 2567 nem
399 2494 637 2565 redhm
674 2493 842 2565 Solis
884 2492 1093 2565 deduc
1112 2493 1194 2562 ab
1215 2493 1570 2566 ascentione
1605 2494 1776 2566 reeta
1796 2492 2020 2577 stellae,
2064 2514 2173 2564 aut

215 2590 380 2660 hanc
402 2588 486 2658 ab
510 2589 612 2659 illa
644 2643 663 2675 ‚
692 2593 765 2657 &
784 2587 1000 2660 divide
1021 2589 1253 2686 gradus
1276 2589 1556 2662 refiduos
1581 2612 1695 2684 per
1722 2617 1747 2659 1
1771 2612 1805 2681 5
1832 2642 1852 2673 ‚
1880 2589 1961 2658 ad
1981 2588 2176 2658 horas

219 2689 293 2753 &
316 2684 627 2778 strupula.
695 2683 913 2773 Qod
935 2681 980 2751 fi
990 2686 1126 2779 jam
1143 2682 1259 2754 Sol
1287 2683 1519 2753 stellam
1544 2683 1861 2777 praecedat
1885 2734 1906 2765 ‚
1952 2702 2062 2750 aut
2081 2684 2177 2748 ci-

213 2782 339 2848 tius
379 2774 440 2847 se
470 2801 506 2846 a
555 2775 748 2870 plicet
771 2776 1126 2849 meridiano
1151 2827 1172 2858 ,
1213 2775 1373 2844 hora
1393 2782 1642 2844 inventa
1667 2774 1887 2871 prodit
1923 2794 2178 2867 tempus

220 2869 360 2966 post
382 2893 487 2940 me
536 2873 661 2938 iam
683 2871 941 2938 noetem
964 2892 984 2935 t
1029 2872 1142 2938 Sin
1161 2891 1318 2937 vero
1341 2870 1452 2938 Sol
1476 2866 1767 2960 sequatur
1781 2865 2043 2952 stellam,
2066 2884 2176 2934 aut

218 2962 406 3036 sterius
446 2966 724 3059 attingat
766 2960 1187 3043 meridianum
1215 3014 1235 3045 ‚
1279 2961 1441 3031 hora
1484 2964 1735 3033 inventa
1778 2959 1887 3027 dat
1923 2979 2175 3055 tempus

221 3077 366 3127 ante
388 3056 664 3221 mlidiam
685 3057 968 3127 noctem.
1037 3060 1199 3126 Haec
1238 3053 1699 3127 declarabimus
1722 3078 1836 3152 pet
1857 3051 2176 3151 sequentia

220 3174 444 3246 exemp
508 3202 527 3222 .

549 3294 894 3409 Exemplum
917 3334 948 3379 1
959 3365 976 3392 ‚
1001 3307 1224 3403 quando
1229 3307 1392 3400 stella
1408 3308 1483 3402 est
1499 3316 1560 3381 in
1576 3308 1826 3380 meridie.

310 3443 445 3511 Die
474 3463 505 3509 1
531 3443 696 3536 Maji
720 3441 1001 3538 vesperi,
1025 3438 1356 3514 observata
1377 3444 1466 3517 est
1485 3451 1652 3542 Spica
1672 3448 1914 3548 Wrginis
1948 3448 2013 3515 in
2037 3442 2175 3541 ipso

216 3534 529 3619 meridie,
582 3540 775 3631 cupio
816 3538 969 3607 hinc
1016 3533 1174 3608 scire
1216 3564 1507 3634 quaenam
1547 3537 1734 3610 fuerit
1760 3542 1967 3610 noctis
1991 3541 2174 3610 bora.

126 3636 129 3639 ’
216 3626 526 3699 Ascenfio
563 3633 730 3699 reeta
765 3632 933 3703 Solis
973 3646 1085 3726 per
1112 3650 1192 3721 19
1221 3635 1559 3707 Problema
1602 3633 1725 3707 isto
1766 3634 1872 3705 die
1908 3632 1996 3703 est
2031 3654 2179 3728 gra·-

219 3721 420 3793 duum
450 3720 530 3816 38
561 3776 580 3807 ,
605 3721 723 3793 ser.
760 3750 878 3818 33,
906 3728 979 3793 &
1003 3730 1179 3822 Spicae
1199 3734 1442 3830 Verginis
1473 3727 1656 3823 grad.
1688 3736 1817 3815 196
1838 3780 1858 3813 ,
1882 3728 1999 3797 stt.
2038 3731 2121 3817 36
2147 3745 2174 3791 t

218 3817 322 3890 illa
340 3839 504 3912 ergo
521 3841 604 3892 ex
624 3818 744 3889 hac
763 3815 1033 3890 deducta
1054 3877 1074 3904 ,
1126 3845 1382 3897 manent
1405 3822 1638 3917 gradus
1670 3823 1794 3913 138
1824 3871 1845 3906 ‚
1867 3819 2074 3912 scrup·
2111 3838 2143 3904 3
2152 3869 2176 3920 ³.

2062 3926 2177 4002 qut
