2666 4469
356 179 561 239 PER
634 177 1130 237 TERRAM
1207 177 1980 242 IMMOBILEM.
2041 198 2141 256 107

169 295 326 352 rasta
344 274 711 348 borealibus
731 270 1171 346 australibusve
1196 328 1218 360 ,
1259 275 1480 370 Solem
1502 274 1924 349 meridianum
1949 277 2146 356 isthac

136 397 139 400 ’
169 375 278 443 die
295 370 419 444 efle
439 394 618 465 aeque
638 370 839 441 altum
858 411 881 455 ,
927 391 995 440 ut
1015 373 1083 440 in
1104 370 1440 442 latitudine
1460 398 1552 444 zo
1577 376 1650 441 &
1671 396 1764 442 22
1782 371 2095 469 graduum
2119 406 2145 460 3

170 472 327 539 item
350 469 414 536 in
434 464 768 538 latitudine
787 462 1101 560 graduum
1125 491 1148 532 1
1168 489 1204 556 5
1230 469 1303 534 &
1325 490 1452 550 273
1489 490 1524 556 5
1557 469 1632 536 &
1656 491 1763 560 37,
1792 490 2048 539 necnon
2072 472 2148 539 δε

169 563 353 656 grad.
379 586 465 629 1o
489 558 918 642 meridionali,
938 565 1011 629 δε
1035 581 1118 651 52
1147 557 1431 646 boreali3
1454 561 1585 632 hoc
1606 557 1810 630 solum
1830 559 2150 632 discrimi-

170 680 283 737 ne,
343 651 527 748 quod
566 652 712 723 loca
734 651 1097 728 australiora
1119 652 1461 726 observent
1481 656 1700 725 Solem
1728 663 1764 726 a
1782 655 2019 728 Zenith
2059 654 2146 728 ad

172 748 672 846 septentrionem
690 745 994 841 positum,
1021 745 1383 819 borealiora
1406 746 1563 821 vero
1581 749 1664 819 ad
1682 750 1981 824 austrum.

267 840 488 934 Qod
527 861 743 909 autem
782 841 897 911 Sol
932 865 1013 935 ap
1062 862 1234 911 areat
1265 845 1597 938 aequaliter
1642 843 1919 915 elevatus
1957 844 2144 940 supra

169 935 586 1008 horizontem
627 936 695 1002 in
739 934 995 1006 diversis
1054 935 1474 1007 atitudinibus
1501 995 1519 1019 ,
1566 960 1710 1033 quae
1749 960 1861 1010 aut
1906 938 2147 1012 alterne

169 1051 282 1099 aut
328 1027 508 1097 simul
549 1031 870 1122 utrimque
912 1029 996 1099 ab
1031 1033 1390 1122 AEquatore
1441 1027 1580 1099 sunt
1621 1029 2143 1126 septentrionales

172 1119 732 1206 meridionalefire3
779 1146 912 1191 non
961 1125 1027 1190 in
1053 1120 1320 1192 meridie
1360 1142 1606 1192 tantum
1630 1123 1705 1193 fit
1728 1149 1876 1195 cum
1899 1126 2016 1197 Sol
2054 1125 2146 1201 est

172 1214 288 1288 sub
310 1214 697 1301 meridiano,
718 1214 825 1286 sed
852 1219 925 1284 &
946 1215 1085 1287 aliis
1106 1215 1497 1308 quibussibet
1519 1217 1647 1286 diei
1671 1218 1872 1287 horis.

973 1373 1347 1468 Exemplum.

263 1496 332 1567 Si
354 1491 528 1565 nosse
553 1492 864 1565 desideres
891 1547 910 1578 ,
933 1489 1047 1564 sub
1071 1516 1200 1589 qua
1218 1492 1578 1581 latitudine,
1603 1492 1685 1564 ad
1714 1493 1983 1566 eandem
2006 1492 2155 1566 lon-

172 1591 555 1685 gitudinem,
579 1589 695 1660 Sol
713 1590 821 1659 die
845 1615 886 1676 9
912 1591 1097 1672 Iunii,
1122 1589 1279 1658 hora
1292 1615 1336 1677 9
1360 1592 1672 1659 matutina
1701 1643 1722 1675 ,
1751 1590 1883 1661 hoc
1902 1587 2012 1672 est,
2038 1591 2153 1659 tri-

173 1685 293 1754 bus
315 1683 487 1756 horis
510 1705 657 1755 ante
677 1683 1012 1753 meridiem
1036 1737 1059 1770 ,
1111 1683 1228 1756 Sol
1248 1684 1438 1757 talem
1461 1684 1694 1755 habeat
1712 1683 2146 1770 altitudinem,

172 1779 430 1871 qualem
471 1776 845 1848 observatur
880 1776 1113 1848 habere
1131 1778 1636 1850 Amstelodami:
1684 1778 1960 1876 adjunge
2000 1802 2150 1850 eam

174 1872 404 1942 urbem
447 1873 806 1942 meridiano
821 1928 844 1953 ‚
889 1871 1297 1966 iudicemque
1340 1872 1517 1943 horoe
1543 1897 1628 1943 12
1657 1924 1680 1958 ,
1726 1878 1799 1943 &
1843 1892 2152 1945 converte

173 1965 452 2059 globum
476 1970 542 2034 in
565 1962 892 2047 occasum,
913 1962 1130 2033 donec
1153 1963 1344 2036 index
1365 1964 1657 2035 ostendat
1671 1964 1900 2035 horam
1930 1991 1987 2059 3,
2011 1968 2153 2058 (aut

173 2083 302 2155 pro
345 2058 522 2128 horis
552 2082 584 2151 3
621 2109 644 2142 ,
690 2056 879 2130 volve
917 2079 1030 2150 per
1071 2057 1492 2132 meridianum
1516 2057 1751 2152 gradus
1776 2061 2154 2153 AEquatoris

173 2156 305 2247 45)
348 2175 426 2222 ac
450 2173 587 2225 tum
609 2150 1110 2224 declinationem
1130 2151 1300 2224 Solis
1320 2154 1457 2249 ejus
1482 2151 1610 2221 diei
1626 2173 1769 2246 quae
1788 2150 1877 2221 est
1901 2176 1981 2222 21
2081 2174 2153 2222 a·-

168 2249 377 2319 duum
408 2301 427 2333 ,
449 2247 718 2345 supputa
739 2250 805 2316 in
825 2245 1184 2317 meridiano
1204 2247 1287 2318 ab
1305 2246 1766 2342 AEquinodtiali
1790 2246 1939 2319 vers
1925 2174 2151 2319 ιιεῗο-

171 2368 387 2428 ream,
435 2344 807 2414 &termino
845 2346 1306 2413 numerationis
1345 2345 1648 2438 imprime
1685 2363 1908 2413 notam
1934 2395 1954 2426 ,
2002 2364 2148 2437 quae

170 2443 291 2509 erit
313 2438 468 2508 loco
494 2436 664 2508 Solis
683 2469 704 2521 3
750 2435 902 2506 dein
940 2437 1199 2509 revolve
1215 2436 1490 2533 globum
1511 2436 1724 2508 donec
1742 2435 2151 2507 Amsteloda-

172 2557 353 2604 mum
378 2536 609 2604 iterum
626 2527 859 2602 fiibstet
882 2529 1266 2617 meridiane,
1291 2555 1572 2628 eumque
1594 2531 1895 2603 obfirma.

264 2629 386 2696 His
412 2627 683 2722 peractis
708 2679 731 2710 ,
781 2624 1030 2720 applica
1054 2627 1428 2698 inferiorem
1447 2627 1763 2699 verticalis
1780 2627 2151 2697 eittremita·

174 2741 308 2797 tem
354 2721 467 2817 ipfi
506 2721 749 2815 puncto
790 2723 1078 2791 Orientis
1107 2712 1189 2790 'in
1209 2723 1556 2796 horizonte
1581 2774 1602 2806 ,
1656 2726 1729 2788 &
1755 2719 2147 2814 superiorem

83 2848 90 2855 ·
170 2819 645 2889 extremitatem
698 2816 762 2880 in
808 2812 1164 2883 meridiano
1209 2813 1512 2907 tantisper
1547 2815 1836 2907 deprime
1858 2864 1877 2895 ,
1934 2812 2150 2881 donee

175 2933 406 3006 margo
441 2910 578 3005 ejus
618 2906 924 3003 gradibus
950 2927 1208 2977 notatus
1231 2910 1563 2977 intersecet
1608 2924 1833 2976 notam
1854 2925 2001 2977 ante
2043 2902 2150 2971 di-

175 3003 345 3073 &am
366 3003 469 3075 seu
489 3003 712 3074 Solem
732 3033 760 3086 -3
802 3006 875 3071 &
898 3000 1188 3071 ostendet
1227 3005 1596 3071 extremitas
1619 2996 1937 3072 verticalis
1959 2997 2147 3096 supe·-

179 3098 317 3166 rior
357 3101 420 3167 in
454 3098 811 3169 meridiano
850 3093 1084 3191 gradus
1116 3120 1199 3190 30
1219 3153 1240 3178 ,
1281 3092 1488 3192 scrup.
1514 3093 1596 3187 58
1623 3148 1645 3180 ‚
1692 3093 1776 3163 ab
1789 3099 2145 3189 AEquatore

178 3188 265 3260 ad
302 3177 584 3264 boream.
655 3195 1002 3285 Qoniam
1046 3214 1202 3262 vero
1243 3187 1520 3261 latitudo
1555 3186 2148 3260 Amstelodamenfis

181 3284 382 3355 borea
400 3287 488 3357 est
502 3285 679 3382 grad.
715 3310 829 3378 52,
855 3284 1029 3355 scr.2
1039 3310 1100 3377 3,
1126 3284 1465 3381 praedictus
1488 3283 1674 3356 locus
1697 3286 1762 3353 in
1787 3284 2148 3355 meridiano

177 3376 370 3461 distat
391 3382 425 3447 a
449 3381 679 3451 Zenith
702 3376 1263 3460 Amstelodamenfi
1279 3380 1583 3475 gradibus
1613 3402 1702 3449 21
1732 3432 1752 3464 ,
1779 3376 1988 3474 scrup.
2017 3398 2139 3468 25.

177 3472 499 3543 Totidem
532 3496 691 3567 ergo
724 3474 957 3568 gradus
1002 3476 1230 3545 iterum
1277 3481 1311 3543 a
1351 3472 1640 3544 verticali'
1674 3475 1737 3542 in
1781 3475 2141 3545 meridiano

177 3590 444 3639 numera
467 3565 549 3637 ad
565 3566 833 3638 austrum
856 3621 876 3653 ,
904 3568 1240 3639 &incidet
1261 3572 1568 3638 terminus
1592 3570 2050 3637 numerationis
2072 3568 2140 3632 in

173 3661 534 3733 latitudinis
554 3682 653 3756 gr.
682 3685 750 3747 9,
773 3659 884 3732 scr.
898 3687 928 3756 3
942 3687 1003 3757 3,
1027 3686 1150 3758 pro
1168 3665 1322 3736 loco
1346 3668 1448 3732 cui
1470 3662 1584 3734 Sol
1608 3686 1690 3731 eo
1713 3682 2003 3756 tempore
2070 3681 2143 3727 a·

176 3780 313 3827 rem
337 3755 538 3829 habet
556 3754 950 3828 altitudinem
967 3753 1154 3854 supra
1172 3759 1586 3829 horizontem
1606 3808 1627 3843 ,
1652 3779 1800 3826 cum
1819 3753 2036 3825 Amste
2059 3773 2141 3817 o-

178 3850 480 3937 damenfi.
1767 3902 1772 3906 .
1922 3839 2142 3914 Potest
