2666 4469
342 251 474 313 ET
555 247 1089 315 DISTRIB.
1175 250 1951 318 SPHAERARVM.
2030 277 2133 331 ¹77

138 370 295 418 rum
331 367 562 418 noceat
586 406 604 429 ,
649 367 784 417 tam
822 351 889 417 in
915 343 1272 418 ascensione
1289 369 1485 444 quam
1505 344 1910 419 descenfione
1931 348 2129 435 Solis,

164 444 331 512 &iis
357 466 499 538 quae
545 441 696 512 inde
719 440 801 510 de
846 440 1125 527 endent5
1172 438 1297 512 five
1340 446 1393 511 is
1418 444 1623 537 magis
1654 441 1914 514 anobis
1983 467 2130 520 uam

161 541 220 606 in
264 541 361 607 rei
405 538 671 608 veritate
714 535 780 604 di
833 556 900 606 et
928 589 949 621 ,
1002 538 1208 608 immo
1249 533 1352 607 vel
1391 556 1576 628 extra
1615 535 1655 605 s
1687 534 1921 609 haeram'
2014 561 2134 608 xa-

161 654 296 708 rum
341 629 660 713 versetur3
709 628 917 723 potest
957 652 1225 725 quoque
1270 625 1453 700 ext'ra
1475 652 1620 701 eam
1666 634 1845 702 ocari
1867 630 1997 704 fine
2016 636 2137 702 im·

161 726 530 819 pedimento
577 726 977 817 exprimendi
1040 723 1290 795 nostros
1335 746 1691 820 conceptus
1736 758 1758 812 ς
1834 727 2017 821 plane
2063 745 2134 797 ut

159 821 219 887 in
264 819 373 892 vul
426 817 639 887 aribus
679 816 895 913 globis
936 818 1283 890 caelestibus
1323 818 1603 890 horizon
1640 820 1999 892 collocatur
2016 845 2134 892 ex·

159 933 253 982 tra
291 937 386 982 cae
415 937 521 981 um
558 911 867 982 stellarum
909 910 1181 983 fixarum
1210 965 1232 999 ‚
1287 935 1484 1006 quem
1525 934 1737 985 tamen
1778 918 1944 987 intra
1986 940 2131 987 eam

157 1007 388 1079 versari
427 1057 449 1091 ‚
511 1027 724 1077 mente
770 1005 1078 1077 debemus
1127 1009 1474 1102 concipere
1522 1007 1835 1105 nobisque
1879 1034 2132 1108 propo·

159 1125 331 1171 nere.
1009 1145 1014 1150 ·
1338 1163 1343 1166 .
1614 1171 1623 1178 ,

247 1191 355 1262 Ad
378 1196 633 1263 tertium
664 1247 685 1279 ,
726 1190 1257 1288 quandoquidem
1276 1190 1412 1263 duo
1433 1192 1523 1263 illi
1549 1193 1822 1266 Zodiaci
1868 1199 1943 1265 &
1970 1220 2129 1269 con-

155 1286 490 1383 sequenter
519 1286 757 1383 sphaera
795 1286 1108 1357 stellarum
1148 1283 1422 1358 fixarum
1442 1288 1767 1360 adhaerens
1791 1293 2081 1362 interiori
2104 1342 2128 1376 ‚

154 1381 335 1451 fimul
384 1403 599 1453 mente
645 1384 1102 1478 concipiuntur
1149 1384 1213 1450 in
1261 1403 1404 1451 eam
1450 1386 1620 1452 circa
1641 1381 1856 1455 Solem
1873 1383 2130 1455 extendi

150 1475 638 1570 amplitudinem
664 1531 684 1560 ‚
731 1498 802 1547 ut
845 1476 1191 1546 diametrus
1227 1478 1346 1546 viae
1390 1497 1655 1548 terrenae
1692 1477 1775 1548 ad
1815 1477 1988 1548 illam
2026 1481 2130 1547 in-

159 1569 457 1641 {enfibilis
481 1577 550 1640 &
579 1569 754 1666 quafi
777 1571 978 1642 nullus
999 1569 1075 1640 fit
1099 1594 1117 1639 t
1148 1569 1322 1665 sequi
1344 1572 1383 1641 ὲ
1406 1591 1634 1642 contra
1652 1571 1837 1668 quod
1856 1570 2129 1670 spatium

148 1665 393 1759 aequale
433 1664 750 1736 diametro
803 1670 920 1736 viae
957 1688 1263 1751 terrenae,
1312 1671 1377 1735 in
1422 1665 1658 1761 sphaer'a
1691 1665 1961 1738 fixarum
1989 1719 2010 1753 ,
2057 1671 2125 1737 in

147 1759 358 1854 globo
401 1781 581 1829 terrae
619 1784 885 1855 quoque
918 1758 1385 1831 inobservabile
1428 1760 1694 1857 &quasi
1740 1762 1982 1833 nullum
2000 1759 2121 1832 sit:

145 1860 226 1920 a’c
256 1852 530 1945 proinde
574 1854 746 1923 idem
790 1853 914 1923 effe
966 1854 1090 1923 fine
1110 1851 1475 1924 discrimine
1500 1905 1521 1939 ‚
1567 1880 1646 1924 an
1671 1879 1982 1950 ponamus
2007 1880 2125 1927 cae-

146 1944 287 2014 lum
313 1946 585 2014 fixarum
654 1945 858 2036 torsus
883 1945 1242 2039 quiescere,
1287 1970 1367 2015 an
1389 1970 1543 2018 vero
1587 1971 1736 2019 cum
1751 1968 1921 2021 terra
1940 1949 2126 2047 super

148 2039 405 2130 circulo
427 2038 583 2107 inob
610 2039 873 2111 ervabili
895 2039 1339 2112 circumvolvi.

880 2248 1515 2320 No’rA.'

239 2416 423 2509 Qia
459 2420 519 2484 in
548 2413 904 2511 sequentibus
925 2415 1131 2510 [ἐρέω
1149 2414 1495 2486 mdzfcabitur
1514 2473 1534 2498 ‚
1574 2418 1817 2489 indteem
1837 2421 1975 2489 inter
1993 2445 2125 2489 con-

139 2510 485 2582 vertendum
504 2509 721 2604 discum
758 2508 1011 2579 mabilem
1031 2509 1427 2608 applicandum
1445 2538 1476 2580 e
1512 2538 1544 2581 e
1563 2513 1681 2584 diei
1699 2522 1835 2582 anm·
1864 2536 1970 2584 aut
1979 2540 2122 2614 gra·

135 2609 250 2676 dui
267 2608 461 2688 Ἴ,ςοίικζτς
507 2602 816 2673 notandum
855 2605 928 2675 ἅθ’
946 2604 1354 2699 observandum
1393 2633 1423 2673 e
1494 2660 1515 2692 ‚
1560 2633 1689 2678 eam
1724 2605 1864 2702 dtsei
1896 2636 2122 2679 conver-

111 2702 343 2786 stonem
378 2702 592 2794 semper
612 2700 751 2792 fieri
766 2697 959 2770 debere
975 2697 1050 2768 ab
1085 2699 1358 2771 oectdence
1371 2708 1431 2768 in
1451 2709 1707 2772 orientem
1729 2756 1749 2780 ‚
1766 2706 1957 2797 juxta
1983 2705 2126 2794 fuc-

133 2790 438 2880 ceffionem
477 2792 698 2861 dierum
718 2804 852 2860 anni
877 2843 899 2875 ,
942 2792 1014 2861 &
1034 2818 1137 2858 non
1173 2802 1235 2860 in
1276 2802 1615 2864 contrarium
1643 2795 1719 2863 ab
1741 2802 1938 2862 oriente
1953 2801 2013 2861 in
2029 2822 2124 2864 oc·

133 2883 427 2953 cidemem
452 2914 471 2950 .·
516 2883 582 2952 ob
602 2892 874 2953 rationem
894 2940 913 2965 ,
953 2882 1101 2979 quod
1116 2887 1303 2953 rotulae
1316 2884 1427 2978 sub
1457 2887 1604 2978 disto
1625 2912 1732 2953 non
1750 2886 2123 2977 tamfirmiter

119 2977 2123 3173 5342,sz2„?5:2„5222²512:zg‘ssjssit'ssez‘sspzz‘lzxstssfff

127 3173 246 3239 Sin
269 3193 405 3237 vero
445 3164 686 3237 indicem
719 3168 1076 3237 nihilominus
1115 3188 1462 3237 retrovertere
1494 3176 1618 3263 quie
1635 3173 1771 3238 velit
1792 3224 1812 3249 ‚
1853 3194 1922 3238 ne
1943 3192 2121 3240 totam

124 3264 537 3352 converstonem
572 3258 711 3356 disc'i
744 3261 1012 3355 absolvere
1055 3283 1307 3333 teneatur
1329 3316 1350 3342 ,
1395 3260 1570 3331 index
1604 3265 1685 3330 ad
1703 3269 2007 3333 minimum
2034 3291 2061 3335 1
2075 3291 2121 3335 o

123 3379 245 3431 aut
273 3380 304 3423 1
319 3380 362 3425 2
374 3356 654 3453 gradibus
686 3359 840 3427 ultra
858 3359 1039 3425 locum
1057 3356 1310 3428 debitum
1330 3356 1720 3458 retroagendus
1740 3357 1816 3448 est
1839 3412 1859 3438 ‚
1903 3384 1974 3429 ac
1989 3383 2120 3430 tum

107 3456 322 3528 ‘denuo
347 3450 756 3545 promovendus
795 3450 870 3521 ab
886 3450 1157 3521 occidente
1176 3458 1237 3520 in
1252 3458 1514 3549 orimtem
1541 3504 1562 3538 ‚
1614 3450 2009 3553 donecsphaera
2044 3454 2118 3523 &

119 3553 395 3645 gchptica
401 3547 585 3640 juxta
605 3548 798 3628 Solem,
806 3546 988 3641 sicum
1009 3554 1211 3617 iterum
1217 3547 1526 3641 sortiantur
1542 3569 1782 3618 motum.

180 3637 186 3645 ’
232 3647 405 3712 Cum
448 3638 653 3708 dicitur
686 3638 1107 3741 adjungendum
1142 3645 1221 3709 αἶ’
1259 3640 1365 3710 uid
1401 3641 1743 3711 Meridiano
1793 3664 1899 3712 aut
1939 3640 2114 3709 Colu-

115 3769 181 3816 ro
222 3759 341 3809 aut
379 3731 464 3803 ab
498 3740 569 3802 iis
600 3744 735 3831 quip
768 3744 887 3803 iam
930 3667 1347 3819 numeranyum
1386 3740 1527 3831 (θὲς
1572 3742 1745 3808 incedi
1778 3734 1988 3804 endum
2028 3736 2116 3802 en

107 3837 194 3907 *dc
214 3832 418 3908 medio
459 3852 650 3902 eorum
683 3760 784 3903 agi
822 3837 882 3897 in
907 3826 1426 3991 ffivsffldusfflm
1445 3828 1638 3920 div'fi.
1782 3827 2118 3989 uandoisaelaeeernt
