2666 4469
301 187 512 251 PER
590 188 1092 253 TERRAM
1166 189 1927 253 IMM‘OBILEM.
2055 196 2133 264 83

174 288 411 384 gradus
430 310 519 383 44
540 341 563 376 ,
603 287 812 386 strup.
854 315 968 385 47,
993 313 1116 386 pro
1136 288 1471 361 altitudine
1492 291 1663 364 Solis
1689 345 1710 378 ‚
1752 312 1865 384 aut
1881 293 2126 382 circulo

176 382 687 492 Almucantarath
716 437 736 471 ,
782 408 978 482 quem
1021 383 1142 455 isto
1182 384 1287 455 die
1326 387 1393 455 in
1413 386 1525 457 tali
1552 386 1923 478 horizontis
1939 383 2128 483 plaga
2177 449 2180 452 .

175 495 338 546 attin
386 499 452 548 it.
1543 527 1550 532 -
2070 501 2079 508 ⁴

261 500 394 641 Prgo
415 570 602 642 stellis
641 571 788 644 fixis
810 624 833 659 ,
880 597 1054 669 pone
1095 575 1329 646 claram
1357 579 1423 645 in
1465 575 1702 671 Aquila
1723 570 2127 646 observatam

167 671 380 747 effein
424 678 613 774 plaga
655 680 809 772 nost
827 688 1019 778 3upn
1042 686 1240 778 nost]
1285 685 1415 754 hoc
1455 682 1544 753 est
1573 736 1594 767 ‚
1641 679 1946 779 gradibus
1983 675 2133 767 67}

164 778 255 849 ab
275 781 486 852 austro
507 787 573 851 in
596 788 931 856 orientem.
962 789 1344 861 Verticalem
1364 811 1524 884 ergo
1544 792 1609 859 in
1629 789 1970 859 horizonte
1988 763 2131 858 col-²

159 872 314 945 loca
339 876 616 946 totidem
634 878 938 972 gradibus
959 886 995 952 a
1015 885 1279 954 meridie
1299 889 1365 952 in
1388 906 1604 953 ortum
1627 873 2133 970 remotum‚stelf·

158 967 426 1063 lamque
446 973 507 1038 ei
525 968 819 1070 adjunge,
853 978 1132 1046 invenies
1157 1001 1298 1047 eam
1323 976 1631 1047 elevatam
1647 975 1771 1045 effe
1797 977 1978 1076 sppra
1998 974 2130 1043 ho-

158 1064 492 1134 rizontem
516 1065 579 1133 in
617 1067 1170 1154 circulaverticali
1207 1067 1510 1165 gradibus
1551 1073 1684 1152 26,
1729 1068 1849 1139 scr.
1879 1093 1959 1162 3,
2004 1079 2128 1162 pro

158 1152 363 1228 stellae
384 1154 935 1233 Almucantarath.
2114 1161 2120 1168 ⁴

423 1349 795 1418 XXXI.
914 1346 1889 1422 PROBLEMA.

202 1449 213 1476 ⁵
226 1473 238 1570 ἰ
358 1476 598 1545 Globum
614 1474 873 1566 coelestem
892 1489 1294 1577 omnitempore
1311 1469 1396 1551 ad
1412 1479 1604 1566 sttum
1643 1480 1764 1547 caeli
1781 1477 1947 1573 ipfius
2101 1458 2137 1562 Ἴ,

969 1600 1297 1672 componere.
1893 1585 1904 1595 ⁵
2019 1587 2026 1594 ’
2067 1625 2080 1680 ᾗ

174 1693 178 1697 ’
352 1688 669 1765 Blolvitur
690 1694 757 1763 id
781 1703 1022 1794 aut'per
1043 1696 1447 1769 altitudinem
1475 1696 1644 1770 Solis
1665 1694 1749 1765 de
1789 1690 1896 1763 die
1916 1744 1937 1775 ,
1981 1685 2160 1776 stel-U

349 1782 549 1856 larum
569 1787 650 1859 de
670 1790 863 1860 noete
885 1843 906 1876 ‚
952 1813 1061 1862 aut
1082 1816 1194 1887 per
1216 1794 1443 1862 horam
1467 1795 1823 1886 cognitam.
1891 1789 1999 1856 De
2018 1785 2126 1853 die

169 1898 284 1969 per
304 1877 701 1951 altitudinem
725 1882 891 1951 Solis
914 1904 986 1952 ut
1003 1956 1011 1963 ,
1031 1885 1145 1954 fiat
1170 1937 1188 1967 ,
1236 1909 1408 1978 pone
1431 1885 1512 1953 ad
1541 1911 1570 1952 1
1600 1884 1771 1952 diem
1793 1880 1958 1973 Maji
1980 1899 2130 1947 ante

168 1970 505 2041 meridiem
528 2024 547 2054 ,
573 1973 1033 2045 Amstelodami
1052 1976 1364 2069 sumptam
1391 1976 1516 2045 esse
1535 1972 1934 2044 altitudinem
1955 1970 2129 2044 Solis
2241 1999 2248 2007 ·

168 2059 351 2157 supra
374 2063 783 2135 horizontem
808 2119 828 2148 ‚
861 2069 1170 2160 graduum
1198 2097 1304 2138 10.
1350 2069 1579 2160 Globo
1601 2088 1715 2161 per
1737 2071 1778 2131 6
1802 2061 2134 2157 problema

162 2155 348 2253 juxta
368 2178 416 2248 4
434 2162 654 2228 mundi
674 2159 962 2232 cardines
1003 2161 1252 2232 directo
1271 2215 1293 2248 ‚
1340 2161 1637 2256 Poloque
1660 2157 1909 2230 elevato
1932 2154 2011 2224 ad
2036 2154 2131 2223 la-

167 2252 510 2361 titudinem
546 2288 552 2294 ·
578 2252 1219 2328 Amstelodamensem
1263 2312 1284 2343 ‚
1363 2257 1640 2352 adjunge
1681 2254 1902 2362 locum
1950 2248 2123 2362 Solis

164 2346 337 2524 5523:
352 2346 589 2512 ‘³334
604 2346 2125 2541 'seteisfflffi¹p>fsssziss¹223333235352‘3:

169 2537 243 2604 &
265 2537 389 2603 erit
410 2535 593 2629 globi
617 2537 767 2607 fit'us
789 2542 967 2609 omni
987 2544 1066 2610 ex
1089 2550 1269 2636 parte
1298 2541 1461 2612 caelo
1484 2539 1840 2633 AnaloguS.

255 2631 379 2698 Per
399 2633 704 2701 Azimuth
754 2633 920 2704 Solis
948 2687 968 2717 ,
1019 2659 1191 2730 pone
1211 2634 1316 2705 die
1338 2664 1380 2716 7
1406 2640 1435 2705 1
1440 2634 1554 2705 ulii.
1569 2654 1719 2704 ante
1737 2629 2071 2701 meridiem
2097 2678 2122 2712 ,

167 2721 387 2793 Solem
408 2725 861 2821 Amstelodami
883 2727 1287 2809 observatum
1308 2728 1434 2798 efle
1452 2732 1516 2797 in
1537 2728 1725 2820 plaga
1746 2726 1901 2815 nusi
1931 2739 2024 2823 §ll
2077 2726 2128 2800 ὓ

164 2820 349 2909 nost!
372 2818 505 2888 hoc
524 2816 636 2902 est,
665 2818 809 2911 673!-
848 2821 1031 2914 grad.
1071 2825 1108 2889 a
1130 2821 1393 2889 meridie
1411 2824 1476 2889 in
1495 2823 1867 2888 Orientem.
1900 2817 2032 2887 Glo
2079 2839 2128 2884 o

164 2914 404 2982 ut'ante
425 2912 793 3008 compofito
818 2964 840 2999 ,
890 2913 1260 2984 inferiorem
1299 2912 1616 2983 verticalis
1657 2911 2127 2981 extremitatem

167 3004 441 3101 adjunge
477 3007 852 3094 horizonti,
889 3011 979 3078 ita
1017 3027 1089 3077 ut
1130 3004 1317 3077 distet
1358 3008 1394 3074 a
1431 3006 1786 3076 meridiano
1821 3007 1887 3074 in
1908 3022 2123 3076 ortum

166 3100 469 3196 gradibus
492 3107 535 3169 6
540 3101 681 3189 7³53
725 3126 862 3175 tum
884 3100 1103 3171 locum
1128 3099 1274 3170 solis
1301 3103 1442 3196 (qui
1466 3100 1556 3171 est
1581 3126 1612 3169 1
1628 3123 1662 3192 5
1688 3098 1923 3194 gradus
1947 3097 2124 3175 Can7

166 3198 266 3264 cri
292 3196 364 3285 ,)
397 3195 658 3287 advolve
679 3196 964 3270 verticali
985 3229 1005 3279 3
1055 3199 1126 3264 &
1150 3195 1412 3266 habebis
1435 3193 1620 3290 globi
1641 3194 1825 3266 fitum
1846 3192 2119 3269 eundem

165 3294 352 3360 'omni
376 3312 453 3359 ex
475 3314 647 3384 parte
667 3316 819 3363 cum
831 3291 947 3362 fitu
974 3287 1159 3384 ipsius
1186 3289 1349 3360 caeli.

264 3383 444 3454 Idem
467 3404 533 3452 ut
562 3386 843 3461 absolvas
866 3385 957 3455 de
972 3385 1163 3456 no8te
1201 3408 1312 3481 per
1333 3383 1737 3456 altitudinem
1759 3381 2069 3457 stellarum
2091 3414 2115 3469 3

164 3476 501 3548 observata
525 3477 597 3547 fit
613 3478 886 3575 exempli
906 3480 1063 3550 loco
1088 3533 1108 3565 ,
1147 3479 1421 3555 altitudo
1464 3480 1774 3551 Aldebarae
1794 3481 1860 3548 in
1884 3481 2125 3549 Orien-

164 3572 276 3644 tali
300 3570 439 3642 caeli
461 3592 639 3665 parte
656 3597 738 3665 25
762 3573 1090 3669 graduum.
1141 3575 1399 3646 Stellam
1424 3574 1629 3648 versus
1652 3595 1869 3644 ortum
1896 3574 2126 3665 adjun-

163 3690 249 3761 ge
269 3663 556 3740 verticali
576 3722 595 3747 ,
641 3667 852 3737 donec
895 3693 985 3761 25
1034 3667 1337 3764 gradibus
1378 3669 1617 3740 elevata
1644 3665 1720 3736 fit
1736 3665 1919 3760 supra
1943 3667 2126 3737 hori-

159 3784 463 3851 zontem,
485 3764 561 3830 &
582 3761 952 3834 constitutio
966 3763 1153 3926 globi}
1174 3763 1401 3837 eadem
1419 3767 1542 3837 erit
1562 3785 1706 3858 quae
1726 3760 1889 3832 caeli.
1957 3828 1962 3831 .
1994 3852 2118 3920 Per

1196 3880 1232 3950 3
