2666 4469
434 214 482 273 ι»
518 209 649 275 nt
728 208 952 274 ‘run
990 210 1242 273 RAM
1321 208 1634 273 Monr
1668 211 1914 276 LEM.
2048 223 2173 288 2⁶70

178 317 350 389 Mox
370 312 557 387 vo'lv'e
579 329 814 382 terram
855 312 923 379 in
966 303 1264 380 occnfiim
1288 361 1310 394 ,
1351 309 1566 380 donec
1601 308 1798 381 index
1845 314 1913 381 in
1952 312 2149 408 cyclo

176 410 438 483 horario
489 423 825 502 percurrat
871 404 1061 476 horas
1114 429 1173 497 3,
1219 402 1324 475 seu
1346 429 1390 493 9
1415 404 1794 475 matutinam
1832 405 2172 490 ostendat,'

178 504 607 602 sphaeramque
631 502 836 570 retine
874 498 1295 570 immobilem.
1344 502 1518 569 Hinc'
1559 498 1840 594 adjunge
1880 503 2150 571 vertica-

177 601 303 671 lem
327 597 409 668 ad
432 617 651 666 ortum
670 594 827 664 loco
852 593 1019 665 Solis
1051 645 1073 679 ‚
1120 596 1194 663 δι
1213 591 1298 663 ab
1321 592 1675 664 horizonte
1698 618 1957 667 numera
1976 598 2040 664 in
2064 618 2149 665 eo

180 690 413 766 sursum
433 688 727 786 usquead
749 687 970 759 Solem
1001 705 1111 758 aut
1160 713 1241 758 11
1328 687 1554 760 tadum
1591 691 1835 775 Tauri,
1882 692 2154 760 &inve-

185 793 316 861 nies
336 784 574 883 gradus
648 785 714 869 8,
753 785 909 853 min.
955 804 1047 876 54
1121 805 1199 854 ro
1237 710 1572 857 affitudine
1612 782 1781 854 Solis
1817 781 1998 879 supra
2033 784 2154 854 ho-

186 888 507 990 rizontem
526 936 566 989 ,·
641 900 717 951 ve
761 875 1007 950 circulo
1026 805 1553 950 Almucantarath
1571 900 1766 973 quem
1788 903 1872 951 eo
1892 900 2155 975 tempo-

188 991 253 1050 re
275 995 500 1047 contin
548 992 621 1044 ιτ.

225 1159 230 1162 v
277 1069 460 1143 Idem
478 996 794 1142 iffvenitur
899 1090 929 1136 r
953 1084 1182 1137 notum
1206 1066 1516 1138 Azimuth
1536 1118 1557 1151 ,
1608 1066 1739 1137 hoe
1775 1067 1988 1163 ρειᾶο.
2020 1070 2157 1140 Ρο-

192 1189 271 1237 ne
307 1160 716 1235 observatum
758 1089 896 1232 dg
924 1159 1008 1230 ad
1043 1156 1316 1230 eundem
1360 1162 1584 1244 locum
1629 1164 1704 1228 δε
1750 1182 2001 1257 tempus
2039 1163 2160 1232 So·

190 1258 270 1332 lis
297 1256 603 1329 Azimuth
644 1253 827 1351 grad.
876 1277 967 1348 45
990 1310 1008 1336 ,
1057 1259 1094 1324 a
1134 1253 1400 1326 meridie
1445 1259 1511 1325 in
1550 1256 1890 1325 orientem.
1945 1255 2161 1325 Verti-

194 1354 398 1425 calem
440 1350 525 1422 ad
567 1348 873 1421 orientale
933 1348 1294 1418 horizontis
1336 1348 1501 1450 bitus
1546 1347 1810 1445 dispone
1854 1346 2177 1447 gradibus.

196 1472 286 1542 45
308 1446 392 1518 ab
412 1444 621 1516 austro
672 1443 755 1514 ad
800 1462 1020 1515 ortum
1041 1495 1063 1529 ,
1112 1447 1188 1514 &
1232 1463 1410 1514 verte
1450 1441 1725 1541 globum
1761 1463 1944 1514 terrae
1967 1496 1988 1527 ,
2036 1442 2165 1512 do-

198 1566 316 1613 nec
336 1539 650 1612 verticalis
670 1540 1035 1634 applicetur
1080 1536 1262 1620 Soli,
1312 1560 1527 1634 eoque
1565 1535 1796 1608 mobili
1841 1556 2164 1620 manente,

199 1659 463 1707 numera
492 1638 556 1705 in
578 1630 869 1707 verticali
912 1632 995 1703 ab
1039 1629 1385 1706 horizonte
1413 1630 1604 1729 usque
1647 1630 1729 1703 ad
1775 1631 1994 1704 Solem
2021 1684 2043 1717 ,
2090 1635 2168 1700 &

198 1733 478 1802 invenies
498 1728 732 1824 gradus
756 1750 876 1820 44,
901 1728 1061 1796 min.
1083 1748 1315 1888 &3²¹0
1332 1726 1672 1799 altitudine
1687 1727 1823 1821 ejus
1844 1779 1866 1812 ,
1909 1745 2020 1797 aut
2038 1727 2167 1797 cir-

202 1825 355 1896 culo
381 1820 901 1893 Almueantarath
924 1841 1119 1914 quem
1139 1845 1176 1890 a
1245 1820 1370 1891 tale
1392 1821 1702 1894 Azimuth
1723 1822 2006 1892 obtinet.

527 2029 905 2097 XXIX.
1023 2028 1866 2101 PROBLEMA.

343 2185 578 2298 Qumis
602 2204 837 2305 tempore
855 2161 1141 2357 ίηφᾶξῖἔὲ
1168 2185 1529 2261 altitudinem
1562 2184 1844 2281 steuaeum
1860 2184 2038 2284 fiaprae
2179 2223 2188 2241 .

1138 2302 1380 2354 zeutem.

283 2471 353 2539 D
375 2465 454 2539 fit
472 2470 566 2538 uti
581 2468 648 2540 in
672 2468 826 2543 Sole
848 2519 871 2553 ,
920 2487 1031 2537 aut
1046 2490 1160 2565 per
1178 2467 1402 2543 datum
1419 2490 1671 2569 tempus
1693 2524 1714 2557 ,
1758 2489 1872 2542 aut
1891 2492 2008 2567 per
2027 2491 2177 2541 mo⁶
2203 2477 2226 2554 ἰ
2260 2501 2401 2566 pant,

285 2583 423 2635 tum
459 2564 795 2637 Azimuth.
847 2562 938 2634 Vt
956 2562 1040 2634 ad
1062 2561 1285 2636 datum
1311 2584 1442 2637 tem
1491 2590 1563 2638 us
1589 2568 1868 2639 invenias
1891 2562 2180 2637 altitudi-
2195 2565 2404 2633 Vm

214 2683 366 2732 nem
382 2656 569 2729 stellae
590 2711 612 2745 ,
647 2656 821 2732 sume
840 2660 907 2729 in
923 2658 1286 2755 exemplum
1303 2659 1435 2732 luci
1520 2687 1588 2732 m
1608 2665 1793 2755 Lyrae
1818 2714 1838 2746 ‚
1886 2661 2067 2753 cujus
2088 2657 2183 2729 al-
2201 2639 2320 2677 ¹¹¹⁰

213 2750 436 2827 titudo
480 2747 666 2845 supra
726 2753 1142 2823 horizontem
1198 2754 1631 2850 investiganda
1675 2753 1751 2824 fit
1795 2751 1880 2823 ad
1923 2780 1957 2824 1
2006 2751 2186 2821 diem

216 2846 389 2918 Ma‘i
404 2841 647 2937 vesperi
667 2841 829 2914 hora
854 2867 886 2915 1
902 2869 958 2914 r.
983 2845 1352 2917 Horizonte
1370 2903 1391 2928 ‚
1438 2846 1652 2917 indice
1684 2843 1850 2915 disci
1871 2841 2134 2916 mobilis
2158 2888 2185 2931 ,

223 2945 301 3009 &
416 2935 478 3006 le
512 2932 827 3033 dispofitis
850 2956 920 3008 ut
939 2938 1006 3006 in
1024 2937 1431 3033 problemate
1472 2940 1889 3012 antecedente
1912 2993 1932 3024 ,
1987 2941 2187 3009 meri·-

221 3034 485 3104 dianum
509 3031 763 3129 applica
798 3030 937 3104 Soli
960 3084 982 3117 ,
1026 3033 1436 3130 iudicemque
1484 3040 1549 3105 in
1598 3034 1790 3130 cyclo
1839 3035 2015 3105 horae
2069 3058 2178 3105 12.
2266 3106 2274 3115 ,

222 3132 405 3202 Tum
419 3126 655 3199 stellam
673 3125 786 3199 suo
821 3125 979 3198 loco
1015 3125 1282 3224 dispone
1322 3134 1390 3201 in
1430 3127 1664 3226 sphaera
1691 3184 1713 3217 ,
1764 3135 1839 3199 δε
1886 3148 2193 3202 converte

223 3222 498 3321 globum
519 3241 703 3295 terrae
739 3225 806 3294 in
846 3242 1066 3295 ortum
1086 3275 1107 3311 ,
1151 3222 1369 3297 donee
1406 3224 1603 3297 index
1636 3223 1926 3298 ostendat
1963 3226 2193 3297 horam

83 3348 88 3351 ·
230 3344 349 3406 11,
372 3336 483 3410 aut
501 3318 883 3389 meridianus
929 3316 1228 3393 undecies
1278 3343 1364 3414 15
1388 3378 1408 3404 ,
1451 3320 1734 3405 hocest‚
1780 3328 1905 3412 165
1950 3320 2188 3417 gradus

226 3431 578 3584 &3332
600 3412 1463 3607 ‘Seffiffifflffig
1552 3414 2197 3606 ῙᾷἱἭἫέἓ

226 3612 301 3683 in
348 3601 636 3679 verticali
675 3605 760 3676 ab
805 3605 1153 3681 horizonte
1215 3607 1299 3682 ad
1345 3607 1584 3681 stellam
1625 3641 1652 3697 3
1718 3606 2004 3680 invenies
2027 3625 2199 3699 gra«

225 3702 355 3775 dus
398 3724 512 3795 39,
554 3696 762 3797 scrup.
796 3722 912 3791 27,
951 3703 1452 3819 pro‘altitudine
1490 3705 1627 3802 ejus
1652 3702 1736 3776 ad
1755 3718 2009 3797 tempus
2039 3718 2200 3795 pto·

229 3792 546 3899 pofitunn

409 3958 412 3961 .
690 3918 694 3922 ’
1916 3884 2202 3959 Eandem
