2666 4469
519 135 663 227 ior
890 143 2113 226 *nnvstLoBo-RvM

522 278 533 300 ·’
609 256 828 333 Potest
848 257 1021 331 idem
1039 258 1221 329 aliter
1245 260 1511 329 inveniri
1538 310 1559 343 ,
1587 256 1718 327 hoc
1739 258 1950 352 padre.
2003 258 2252 329 Circini
2280 255 2496 353 cujus·

519 354 675 425 dam
695 352 925 451 pedem
947 377 1142 423 unum
1162 356 1427 447 impone
1452 370 1625 421 notae
1642 405 1661 437 ,
1681 351 1946 421 alterum
1967 354 2213 421 civitati
2231 350 2489 444 'Amste-

520 448 865 522 lodamenfi
882 446 1091 519 versus
1114 446 1418 529 boream3
1460 445 1739 539 eumque
1766 442 1908 539 post
1932 464 2241 516 converte
2261 442 2345 516 ad
2372 470 2488 517 au-

521 539 719 613 strum
760 540 873 612 sub
920 538 1315 624 meridian03
1363 562 1440 608 ac
1481 537 1725 636 respice
1748 560 1940 634 quem
1958 537 2309 611 latitudinis
2334 563 2486 636 gra-

519 635 677 708 dum
700 639 783 707 -in
827 633 1036 731 globo
1056 635 1148 704 ibi
1166 637 1502 728 contingat
1526 686 1547 720 ‚
1593 636 1873 705 invenies
1893 631 2073 727 grad.
2098 658 2142 721 9
2164 685 2185 717 ,
2225 632 2343 703 scr.
2376 658 2407 727 3
2423 657 2486 727 3,

523 731 596 800 u't
615 747 785 799 ante.
849 731 1009 797 Bina
1047 751 1210 824 ergo
1231 725 1344 797 ista
1365 727 1512 796 loca
1539 779 1562 812 ,
1614 747 1921 821 tanquam
1962 724 2100 796 duo
2122 727 2357 798 Zenith
2380 727 2487 797 seu

521 822 754 920 puncta
772 820 1095 893 verticalia
1117 874 1138 907 ‚
1178 820 1509 916 aequaliter
1530 820 1759 892 distant
1779 827 1815 890 ὲ
1839 840 1995 890 nota
2018 819 2321 916 praedic’ca
2341 843 2488 916 quae

521 913 715 987 refert
735 915 953 999 Solem
980 946 1000 1000 3
1047 939 1125 985 ac
1251 939 1282 983 r
1321 916 1724 1011 consequens
1753 907 1878 985 ‘Sol
1921 911 2179 986 duobus
2221 919 2298 986 iis
2319 915 2487 987 locis

520 1032 741 1119 parem
757 1009 954 1080 habet
971 1008 1153 1080 altitu
1204 1015 1373 1081 inem
1396 1006 1577 1107 supra
1599 1011 2034 1094 horizontem.

524 1153 531 1160 -
612 1103 957 1196 Qoniam
1000 1122 1215 1174 autem
1256 1103 1538 1175 circulus
1578 1101 1892 1175 verticalis
1929 1156 1951 1188 ‚
1996 1126 2079 1174 ex
2098 1105 2353 1179 oriente
2374 1125 2488 1205 per

521 1197 772 1282 Solem,
796 1200 887 1269 uti
907 1196 1150 1268 dictum
1172 1196 1282 1279 est,
1306 1197 1633 1269 traductus
1654 1253 1673 1284 ,
1699 1198 1782 1268 ab
1804 1196 1920 1266 illo
1937 1216 2007 1267 ut
2026 1201 2321 1294 proxime
2342 1219 2487 1293 per-

523 1291 1018 1403 pendiculariter
1059 1294 1184 1384 (uti
1202 1293 1587 1363 meridianus
1631 1316 1711 1361 cx
1739 1290 1906 1363 Polo
1942 1293 2008 1359 in
2027 1294 2485 1385 AEquatorcm)
2551 1355 2556 1362 .

520 1385 753 1457 lucidit
772 1389 839 1455 in
857 1384 1277 1458 meridianum
1305 1418 1351 1477 3·
1374 1405 1545 1481 patet
1566 1385 1740 1467 hinc,
1765 1407 1896 1452 non
1915 1384 2048 1452 duo
2067 1403 2316 1453 tantum
2337 1384 2489 1455 loca

522 1479 830 1577 praedista
868 1504 952 1549 eo
991 1497 1284 1574 tempore
1317 1479 1536 1550 Solem
1572 1476 1804 1548 habere
1850 1479 1917 1546 in
1956 1474 2182 1548 cadem
2206 1480 2493 1572 propin-

574 1578 772 1644 uitate
784 1573 866 1640 ad
888 1571 1064 1640 suum
1089 1572 1321 1641 Zenith
1347 1605 1370 1657 3
1417 1571 1524 1640 sed
1548 1575 1623 1640 &
1642 1574 1863 1639 omnia
1883 1570 2036 1651 alia,
2060 1592 2206 1665 quae
2228 1570 2341 1642 sub
2367 1594 2491 1641 co-

519 1597 671 1737 dem
695 1663 1055 1734 meridiano
1079 1717 1101 1749 ,
1142 1669 1467 1760 utrimque
1510 1667 1547 1734 ὲ
1586 1663 1834 1735 circulo
1868 1663 2156 1735 verticali
2241 1663 2336 1735 lus
2363 1669 2490 1736 mi-

519 1757 711 1831 nusve
729 1777 1157 1829 removentur.
1229 1757 1535 1832 Verri-cali
1557 1760 1729 1829 Enim
1746 1758 1830 1829 ad
1852 1757 2023 1829 hunc
2046 1688 2322 1830 modum
2338 1756 2488 1829 lati-

517 1851 727 1923 tudini
751 1849 935 1947 grad.
966 1876 1077 1947 30,
1103 1851 1223 1923 scr.
1259 1854 1342 1946 58
1369 1853 1719 1951 applicato,
1742 1852 1891 1924 loca
1912 1876 2043 1922 uno
2066 1851 2270 1948 gradu
2294 1850 2377 1922 ab
2399 1876 2485 1923 eo

520 1946 885 2020 borealiora
905 1967 1013 2017 aut
1035 1945 1402 2019 australiora
1425 2002 1445 2033 ,
1470 1948 1599 2019 hoc
1615 1946 1705 2018 est
1734 1999 1756 2033 ‚
1831 1972 1926 2017 uae
1945 1945 2348 2019 latitudinem
2371 1948 2488 2017 ha-

524 2040 685 2117 bent
758 2066 791 2111 1
819 2041 1003 2137 grad.
1053 2042 1132 2132 58
1160 2041 1279 2112 scr.
1329 2046 1404 2112 &
1424 2066 1515 2130 29
1538 2039 1720 2138 grad.
1749 1970 1832 2136 5}
1852 2039 2064 2138 scrup.
2130 2040 2348 2114 Solem
2367 2039 2487 2112 suo

525 2135 718 2208 Zenit
804 2159 986 2232 aeque
1026 2135 1369 2209 observant
1409 2140 1717 2209 vicinum.
1792 2139 2035 2231 Neque
2073 2133 2256 2206 aliter
2274 2140 2488 2232 agitur

521 2254 673 2303 cum
691 2230 856 2301 locis
884 2282 905 2315 ,
946 2253 1091 2325 quae
1110 2229 1194 2301 ad
1215 2258 1301 2303 10
1318 2230 1552 2327 gradus
1575 2234 1610 2301 ὲ
1630 2229 1915 2303 verticali
1938 2228 2244 2300 recedunt
2287 2231 2372 2300 ad
2394 2228 2492 2300 le-

522 2328 958 2421 ptentrionem
997 2343 1108 2393 aut
1127 2324 1461 2396 meridiem
1483 2377 1503 2408 ‚
1562 2343 1633 2394 ut
1656 2346 1801 2419 quae
1819 2322 2219 2394 latitudinem
2244 2323 2512 2399 habent,

519 2418 704 2513 grad.
729 2440 845 2510 40,
872 2413 1078 2511 scrup.
1114 2417 1226 2509 58,
1254 2422 1329 2488 &
1349 2416 1528 2513 grad.
1551 2440 1665 2501 20,
1688 2413 1801 2486 scr.
1836 2415 1945 2506 58.
1993 2414 2364 2514 Eademque
2388 2441 2490 2487 ra-

519 2515 618 2582 tio
655 2509 744 2582 est
780 2533 1008 2580 eorum
1050 2508 1347 2580 locorum
1370 2567 1388 2593 ,
1436 2532 1579 2604 quae
1612 2509 1696 2578 ad
1736 2533 1828 2603 40
1846 2508 2081 2606 gradus
2124 2514 2191 2580 in
2212 2511 2492 2582 austrum

516 2625 627 2676 aut
648 2605 914 2676 boream
932 2601 1385 2688 recedunt‚sub
1405 2603 1737 2676 latitudine
1759 2603 1998 2675 scilicet
2023 2630 2063 2690 9
2087 2605 2269 2701 grad.
2293 2630 2337 2677 2
2361 2606 2485 2678 scr.

518 2697 797 2784 australi,
824 2702 896 2769 &
913 2721 1010 2796 gr.
1039 2723 1151 2782 70,
1174 2695 1288 2768 scr.
1319 2697 1398 2790 58
1424 2697 1693 2770 boreali.
1746 2703 1908 2768 Haec
1926 2703 2103 2769 enim
2128 2700 2345 2771 Solem
2369 2698 2490 2771 sub

512 2795 740 2866 eadem
779 2792 1070 2864 distantia
1100 2796 1135 2862 ὲ
1173 2792 1411 2864 Zenith
1430 2796 1754 2864 intuentur
1778 2846 1799 2878 ,
1845 2798 1918 2862 δε
1937 2818 2052 2891 per
2091 2791 2490 2890 consequens

514 2889 850 2984 aequaliter
864 2886 1179 2960 elevatum
1200 2884 1382 2982 supra
1402 2886 1840 2960 horizontem.
2317 2894 2320 2896 ’

610 2987 787 3054 Hinc
808 2982 996 3052 datur
1011 2982 1511 3053 animadvertere
1526 3039 1545 3064 ‚
1580 3004 1775 3077 quam
1790 2986 1972 3079 gravi
1993 3000 2361 3077 premantur
2385 3006 2493 3054 er-

521 3098 672 3147 rore
693 3129 713 3162 ‚
755 3080 869 3172 qui
895 3075 1196 3146 omnibus
1214 3075 1347 3156 diei
1369 3076 1545 3147 horis
1564 3078 1992 3149 elevationem
2020 3074 2160 3146 Poli
2199 3080 2488 3150 invenire

522 3167 583 3242 Ιὲ
603 3169 778 3265 posse
804 3168 1053 3280 sperant
1071 3191 1184 3261 per
1199 3167 1604 3239 altitudinem
1623 3170 1804 3242 Solis.
1831 3168 2015 3264 supra
2037 3170 2479 3243 horizontem.

522 3262 780 3335 Etiamfi
821 3260 1067 3355 infiiper
1087 3262 1337 3335 constet
1362 3314 1383 3346 ,
1428 3264 1653 3334 horam
1674 3262 1804 3334 diei
1842 3267 2105 3346 inventu
2129 3265 2487 3359 impoffibi-

519 3359 648 3432 lem
667 3355 793 3429 esse
816 3409 839 3446 ,
864 3356 996 3428 ¹nifi
1016 3361 1192 3456 prius
1233 3376 1418 3431 certo
1440 3357 1795 3431 constiterit
1831 3356 1915 3430 de
1939 3356 2088 3430 Poli
2123 3356 2257 3433 loci
2275 3358 2488 3438 eleva-

517 3473 721 3527 none.
1715 3494 1716 3497 =

2195 3831 2487 3905 LII.
