2666 4469
327 174 543 238 PER
584 169 1117 235 'TERRAM
1200 167 1684 235 IMMOBI
1725 170 1981 235 Ln-M.
2043 192 2168 249 ης.

168 265 392 342 oerffis
408 260 739 336 metidiem
759 314 784 347 ‚
833 282 920 337 ae„
928 277 1068 330 tum
1089 256 1228 328 duo
1242 255 1385 330 haec*
1406 254 1771 353 eonspeecui
1816 280 1936 330 tuo
1955 256 2018 336 st:
2037 262 2146 331 of..

167 362 411 434 ferent.
466 359 711 440 Primo,
730 373 958 426 notam
979 356 1045 423 in
1066 352 1423 422 meridiano
1444 350 1570 423 effe
1598 374 1686 440 50
1707 354 1888 440 grad.
1915 380 1958 440 9
1981 357 2141 426 min.

176 2961 284 3009 ma
354 2937 454 3008 ost
481 2935 815 3009 meridiem
845 2940 908 3008 in
930 2936 1110 3034 grad.
1142 2960 1256 3030 55,
1281 2940 1435 3006 min.
1459 2935 1545 3005 28
1574 2968 1595 3020 3
1639 2959 1765 3033 pro
1788 2933 2060 3007 sscunda
2082 2938 2151 3009 in

175 3055 295 3127 gra
347 3083 364 3101 .
394 3057 476 3128 73
505 3091 524 3116 ,
547 3031 754 3129 scrup.
785 3057 874 3114 27
900 3063 924 3118 3
971 3055 1095 3128 pro
1117 3033 1389 3122 tertiain
1410 3030 1590 3126 grad.
1612 3056 1703 3117 92
1728 3089 1748 3114 ,
1772 3027 1983 3124 semp.
2014 3034 2100 3125 48
2118 3061 2151 3118 3

179 3147 303 3217 pro
327 3148 548 3220 quarta
566 3131 631 3197 in
657 3127 839 3224 grad.
879 3153 906 3195 1
923 3150 1001 3196 11
1033 3184 1051 3207 ‚
1077 3123 1285 3220 scrup.
1312 3146 1404 3219 54
1428 3157 1452 3210 3
1480 3147 1619 3219 ‘pro
1643 3125 1981 3196 undecima
1999 3145 2148 3197 ante

176 3220 509 3292 meridiem
534 3226 599 3291 in
621 3221 803 3320 grad.
836 3243 922 3314 25
949 3273 970 3306 ,
1007 3217 1212 3315 scrup.
1240 3243 1328 3317 45
1355 3251 1377 3305 3
1428 3243 1552 3314 pro
1572 3218 1823 3290 decima
1866 3221 1931 3289 in
1954 3220 2145 3314 grad.

183 3335 300 3413 13,
326 3311 528 3408 scrup.
549 3341 641 3389 20
666 3349 688 3402 3
714 3340 836 3413 pro
858 3339 1031 3386 nona
1048 3317 1114 3383 in
1187 3315 1320 3385 rad.
1354 3340 1419 3400 1,
1443 3311 1649 3408 scrup.
1683 3338 1767 3410 39
1796 3317 1833 3384 ὲ
1850 3314 2152 3408 meridia-

124 3500 128 3503 *
170 3428 270 3500 no
291 3406 594 3479 occasum
619 3410 829 3484 versus
854 3443 876 3496 3
926 3432 1048 3505 pro
1064 3337 1295 3480 o'gava
1336 3411 1401 3478 in
1422 3407 1605 3504 grad.
1636 3432 1679 3497 9
1707 3462 1727 3494 ,
1772 3408 1978 3507 scrup.
2005 3415 2095 3504 56
2116 3437 2144 3493 3

175 3512 306 3596 pro
330 3497 592 3595 septima
615 3506 678 3574 in
700 3496 878 3602 grad.
909 3526 1023 3592 22,
1046 3503 1249 3601 sc'rupf
1273 3527 1315 3573 2
1341 3534 1363 3588 3
1391 3524 1514 3598 pro
1535 3500 1703 3574 [ἔκτα
1726 3502 1791 3572 in
1812 3503 1996 3601 grad.>
2017 3526 2060 3597 3
2076 3523 2143 3598 ς,

174 3597 335 3665 min.
361 3621 497 3682 273
539 3620 660 3693 pro
680 3602 989 3694 quintain
1007 3597 1186 3695 grad.
1213 3622 1324 3692 50,
1353 3595 1505 3691 min„
1534 3619 1618 3692 41
1649 3629 1671 3682 3
1701 3600 1747 3671 ,ὲ
1778 3591 2143 3690 meridiand

168 3688 387 3761 'versus
407 3709 652 3762 ortum.
723 3699 900 3774 Intelj-
916 3692 1036 3764 hos
1058 3689 1240 3783 aic'us
1267 3718 1291 3773 ,·
1331 3685 1563 3762 &mnes
1585 3690 1731 3762 illos
1752 3689 1866 3784 qui
1890 3698 1926 3761 ἐι
1948 3693 2147 3763 meri*-

169 3779 372 3876 ‘diano
415 3788 483 3856 in'
524 3804 744 3859 ortum
777 3786 1113 3876 tendunt·‚··
1141 3785 1463 3951 ηιὲωεῐειὲ
1478 3786 1647 3859 linea
1679 3786 1747 3854 A
1770 3786 1821 3854 E
1841 3783 1915 3857 G·
1947 3783 2145 3890 (φφ

180 3902 209 3910 ”
277 3899 282 3906 ’
1614 3938 1631 3958 ,
1950 3896 2148 3946 men·
