2666 4469
483 228 549 291 ,ε
874 218 1006 280 nn
1085 186 1295 277 vs'v
1375 214 2060 279 otononM

481 320 634 393 loca
656 339 1055 416 gnomonem
1088 313 1472 411 sphaericum
1494 335 1608 396 aut
1642 336 1833 385 acum
1862 314 2134 386 modico
2165 340 2332 391 cerae
2350 320 2468 392 fir-

482 435 732 487 matum
756 468 776 501 ,
818 434 1094 520 eumque
1112 410 1387 481 obverte
1406 410 1547 482 Soli
1572 462 1595 496 ‚
1633 407 1843 479 donec
1862 407 2100 482 nullam
2115 409 2198 481 de
2220 411 2281 485 st
2305 438 2466 510 pro-

511 512 662 581 iciat
700 508 998 580 umbram
1041 530 1108 575 m
1131 502 1502 574 alterutrum
1538 501 1703 574 latus
1722 560 1744 586 ,
1794 506 1870 573 &
1909 502 2225 578 indicabit
2264 509 2462 583 index

477 534 711 678 {loram
729 600 1072 700 quaefitam,
1097 595 1557 670 numerandam
1574 600 1613 668 a
1632 596 1728 669 ‘12
1749 596 2127 688 meridiana,
2153 621 2224 672 ut
2238 625 2411 677 ante.

759 735 2179 860 va.1²RoBLEMA.

514 939 521 942 ·
656 905 908 1004 Easdem
927 907 1088 979 horas
1108 909 1341 980 Italicas
1359 906 1434 977 de
1450 908 1602 977 noae
1620 904 1950 1009 investtgase
1962 909 2276 1006 perstellaes.

476 1061 731 1231 ILlud
765 1061 1014 1160 duplici
1034 1064 1138 1134 via
1173 1058 1525 1134 absolvitur
1548 1113 1572 1148 ‚
1620 1086 1858 1161 nempe
1890 1084 2000 1135 aut
2020 1088 2137 1161 per
2170 1066 2459 1139 altitudi-

563 1182 712 1230 nem
733 1156 1071 1246 stellarum,
1098 1178 1207 1228 aut
1231 1179 1347 1252 per
1369 1180 1591 1229 earum
1614 1158 1952 1229 Azimuth.
2058 1217 2062 1221 ,
2212 1160 2216 1165 ’
2344 1222 2349 1226 ,

577 1281 610 1324 1
664 1256 789 1325 Per
809 1252 1216 1324 altitudinem
1241 1275 1262 1320 ε
1305 1252 1516 1347 globo
1534 1251 1617 1322 ad
1639 1252 2066 1326 elevationem
2089 1254 2239 1326 Poli
2271 1280 2454 1327 com-

573 1347 695 1421 fito
716 1400 739 1434 ,
790 1347 947 1418 loco
997 1370 1075 1418 ue
1097 1346 1270 1417 Solis
1306 1345 1584 1416 occidua
1625 1345 1997 1430 horizonti,
2043 1348 2261 1420 indice
2300 1374 2457 1422 vero

523 1466 655 1514 orae
680 1466 764 1514 12
790 1447 949 1514 meri
997 1446 1152 1514 ianae
1185 1440 1561 1535 applicato3
1603 1459 1913 1511 converte
1944 1439 2223 1536 globum
2240 1443 2454 1514 donec

474 1538 645 1610 stella
669 1535 1000 1634 propofita
1033 1538 1099 1604 in
1119 1558 1193 1605 ea
1216 1534 1357 1605 caeli
1381 1535 1568 1630 plaga
1606 1533 1718 1603 tali
1738 1534 1963 1628 gradui
1990 1535 2311 1607 verticalis
2335 1536 2456 1606 ad-

472 1631 710 1703 haereat
752 1630 1007 1723 qualem
1050 1626 1397 1700 observasti
1440 1659 1465 1712 3
1531 1632 1605 1696 &
1654 1626 1947 1699 ostendet
1984 1629 2182 1699 index
2221 1630 2455 1706 horam

473 1724 800 1821 qu'aefitam
822 1720 1276 1792 numerandam
1297 1724 1335 1790 a
1362 1744 1445 1791 12.
1467 1720 1840 1792 meridiana.
2197 1759 2226 1796 κ
2252 1743 2278 1790 1⁸

571 1844 603 1888 1
640 1845 669 1887 1
724 1819 849 1889 Per
869 1816 1222 1887 Azimuth:
1262 1814 1508 1913 glob0,
1526 1816 1685 1887 loco
1708 1816 1915 1900 Solis,
1940 1816 2190 1903 indice,
2211 1837 2283 1889 ut
2301 1839 2453 1892 ante

471 1911 835 1985 constitutis
859 1964 882 1998 ,
933 1917 1009 1981 &
1049 1911 1349 2010 apposito
1372 1910 1659 1986 verticali
1698 1909 1784 1981 ad
1803 1914 2116 1986 Azimuth
2151 1911 2449 1989 observ&

471 2027 638 2094 tum,
661 2027 840 2079 verte
862 2006 1143 2105 globum·
1158 2006 1375 2079 donec
1393 2005 1566 2092 stella
1586 2003 1774 2077 subsit
1794 2009 2082 2079 verticali
2100 2063 2121 2096 ‚
2147 2013 2221 2079 &
2240 2008 2449 2080 osten-

469 2102 585 2174 det
609 2104 806 2174 index
826 2105 894 2172 in
915 2101 1107 2199 cyclo
1128 2101 1393 2173 horario
1414 2160 1435 2185 ‚
1481 2101 1712 2173 horam
1743 2101 2037 2175 Italicam
2074 2103 2454 2203 quaefitam,

470 2197 932 2271 numerandam
950 2196 1038 2270 ab
1054 2198 1216 2270 hora
1235 2196 1590 2271 meridiana
1608 2196 2023 2278 duodecima.

708 2334 1082 2456 x-Lvr.
1160 2456 1168 2465 ,
1225 2389 1285 2459 Ρ·
1346 2376 1552 2456 Ro
1616 2388 1673 2454 B
1738 2387 1797 2455 L
1860 2387 2060 2457 EM
2113 2389 2202 2457 A.

611 2504 851 2596 ‘Quavis
867 2525 1100 2598 tempore
1109 2504 1282 2576 ‘horas
1300 2503 1377 2576 ab
1394 2528 1518 2577 ortu
1537 2505 1680 2575 Solis
1697 2527 2021 2577 numeratas
2039 2513 2308 2581 invenire.

328 2670 331 2673 ’
472 2665 647 2824 N
667 2655 1015 2756 Oribergae
1054 2662 1128 2728 δε
1150 2661 1219 2730 in
1257 2657 1397 2730 aliis
1423 2659 1787 2730 Germaniae
1826 2658 1992 2733 locis
2033 2686 2447 2738 numerantur

668 2753 843 2823 horae
881 2773 953 2824 ut
991 2752 1151 2825 olim
1191 2752 1733 2852 apud-Chaldaeos
1774 2757 1849 2825 δε
1869 2757 2268 2852 Babylonios
2291 2814 2312 2847 ,
2357 2761 2445 2833 ab

472 2869 625 2920 ortu
669 2848 842 2919 Solis
866 2901 888 2935 ,
935 2851 1049 2944 pe'r
1076 2873 1232 2937 1,2,
1257 2875 1322 2945 3,
1368 2846 1580 2919 donec
1615 2847 1877 2943 postero
1913 2853 2020 2927 die
2056 2854 2169 2926 Sol
2210 2857 2443 2930 iterum

473 2945 725 3014 oriatur
742 2942 823 3012 ad
860 2942 1089 3015 horam
1109 2966 1223 3037 24.
1281 2949 1458 3016 Inter
1481 2943 1703 3015 harum
1741 2951 2173 3020 inventionem
2213 2956 2287 3021 δι
2308 2958 2442 3023 Ita-

469 3036 742 3109 licarum
763 3035 918 3109 illud
942 3034 1161 3110 saltem
1179 3037 1271 3109 est
1291 3037 1672 3110 discriminis
1692 3096 1716 3129 ,
1762 3040 1944 3133 quod
1969 3067 2091 3137 pro
2103 3066 2146 3112 -a
2196 3045 2443 3141 plican-

471 3130 566 3201 do
588 3133 808 3202 locum
833 3128 1003 3203 Solis
1025 3134 1355 3204 horizonti
1375 3132 1660 3204 occiduo
1677 3191 1699 3218 ,
1741 3135 2019 3206 eundem
2042 3141 2109 3207 in
2137 3202 2144 3209 .
2191 3163 2278 3211 oc
2297 3139 2444 3217 casu

396 3276 401 3279 Α
467 3224 889 3322 adjungamus
925 3225 1255 3296 horizonti
1279 3231 1499 3299 ortivo
1517 3249 1545 3296 -t
1592 3245 1731 3300 tum
1750 3231 2055 3302 omnibus
2075 3233 2289 3306 modis
2325 3260 2444 3309 ea-

470 3319 623 3388 dem
647 3323 888 3390 utimur
926 3322 1106 3413 praxi
1144 3339 1277 3390 tam
1319 3323 1387 3390 in
1409 3319 1561 3392 Sole
1600 3344 1794 3417 quam
1826 3324 1896 3396 in
1915 3323 2103 3401 stellis
2126 3379 2148 3417 ,
2196 3352 2324 3427 qua
2347 3331 2441 3407 ufi

470 3410 683 3485 sumus
703 3415 771 3483 in
795 3412 1198 3510 problemate
1216 3416 1657 3491 antecedente.
2439 3466 2442 3471 -

2074 3896 2436 3974 XLVII.
