2666 4469
426 140 526 206 '28
869 151 1005 211 DE
1105 147 2027 214 ADORNATIONE

453 246 511 317 ri
537 299 559 333 ‚
576 247 827 319 Taurus
852 248 1161 321 inlocum
1184 251 1611 322 Geminorum
1639 302 1659 336 ,
1681 268 1745 320 at
1797 272 1874 320 ue
1887 254 1976 322 ita
1993 271 2219 345 porro.
2266 253 2414 323 Ηιιό

452 341 552 435 jus
576 344 747 413 enim
790 347 885 413 rei
905 341 1109 414 cauffi
1132 344 1222 415 est
1246 397 1266 429 ‚
1313 354 1531 414 motus
1559 343 1668 414 hic
1685 343 1775 415 ste
1820 369 2001 415 arum
2021 342 2296 415 fixarum
2318 344 2413 416 ie-

446 435 692 509 cundus
737 443 812 510 δε
833 440 1130 533 proprius
1156 490 1177 524 ‚
1226 437 1318 508 ob
1343 460 1535 533 quem
1562 490 1582 523 ‚
1631 436 1817 509 stellae
1856 461 2004 509 cum
2025 438 2424 534 imaginibus>

448 527 626 601 sedes
651 532 785 604 suas
810 550 1170 627 permutant
1195 583 1217 617 ‚
1269 532 1845 604 Dodecatemoriis
1883 531 2016 602 fine
2049 532 2179 603 loci
2200 553 2412 605 muta-

449 628 631 694 tione
740 625 1222 696 rmanentibus:
1259 625 1444 722 quod
1461 627 1500 695 ὲ
1520 625 1868 699 collatione
1888 625 2412 701 observationum
2521 628 2526 634 ’

446 717 631 791 diver
651 744 839 790 orum
860 740 1225 814 temporum
1246 720 1453 815 potest
1476 741 1718 817 patere.
2230 776 2238 783 .

540 815 722 894 Nam
735 834 883 885 ante
904 839 1082 885 2000
1106 818 1371 887 circiter
1386 838 1589 886 annos
1612 869 1635 901 ,
1662 837 1865 911 quum
1882 812 2310 889 oblervationi
2331 814 2416 886 fi-

449 905 679 995 derum
701 911 930 981 intenti
952 907 1148 980 essent
1170 909 1545 981 Astronomi
1568 911 1858 1018 AEgyptii
1881 913 1954 979 &
1981 914 2236 995 Graeci3
2278 913 2416 1005 pri-
2555 988 2562 989 ff

450 1026 557 1072 ma
580 1002 748 1075 stella
785 1006 849 1073 in
872 1005 1180 1074 cornibus
1204 1007 1443 1077 Arietis
1487 1024 1624 1075 erat
1647 1008 1818 1075 circa
1842 1006 2093 1075 initium
2116 1007 2357 1075 Arietis
2383 1056 2405 1091 ‚

448 1098 485 1164 ὲ
506 1118 641 1191 quo
652 1097 790 1191 jam
813 1097 897 1167 ad
918 1098 1005 1171 28
1033 1098 1270 1196 gradus
1293 1102 1359 1169 in
1383 1101 1722 1171 Orientem
1740 1096 1980 1170 reoeffit
1999 1132 2022 1185 3
2047 1103 2137 1170 ita
2160 1121 2229 1169 ut
2250 1101 2417 1168 ima-

313 1227 317 1231 ·
448 1192 710 1287 ginibus
755 1210 892 1262 tum
940 1198 1252 1290 temporis
1292 1193 1822 1265 convenientibus
1867 1218 2013 1263 cum
2036 1192 2413 1264 Dodecate-

450 1287 675 1357 moriis
700 1283 1037 1381 Eclipticae
1058 1346 1076 1370 ‚
1104 1291 1362 1358 nomina
1382 1309 1646 1382 quoque
1667 1289 1757 1359 illi
1782 1287 2199 1385 imposuerint
2221 1287 2411 1383 lignis

453 1377 726 1491 Zodiaci
745 1382 782 1449 ὲ
802 1380 1389 1470 constellationibus
1414 1383 1663 1455 vicinis,

1015 1569 1077 1639 C
1121 1571 1184 1640 A
1232 1573 1286 1642 P
1329 1569 1391 1641 V
1430 1570 1496 1639 T
1606 1569 1666 1640 V
1708 1572 1741 1641 1
1784 1572 1842 1641 1.
1983 1578 1986 1581 ’

938 1730 1041 1795 De
1086 1721 1277 1796 Motu
1333 1725 1471 1796 Solia
1527 1732 1588 1794 in
1631 1729 1927 1825 Ecliptica.

459 1851 597 2005 E
624 1842 737 1914 Tfi
771 1843 912 1932 Sol,
938 1846 1117 1915 Luna
1139 1898 1163 1931 ‚
1191 1848 1264 1914 &
1282 1849 1494 1916 caeteri
1515 1845 1785 1942 planetae
1808 1898 1829 1932 ‚
1851 1843 2029 1918 fimul
2054 1866 2200 1915 cum
2218 1839 2415 1940 sphae-

397 1997 403 2003 .
624 1961 693 2008 ra
714 1939 942 2013 octava
962 1942 1128 2009 intra
1148 1962 1244 2033 24
1261 1941 1481 2024 horas,
1504 1943 1680 2034 juxta
1702 1940 1868 2012 hanc
1883 1936 2261 2036 hypothefin
2284 1939 2416 2019 cire

452 2034 915 2107 cumvehantur
932 2038 969 2106 ὲ
986 2036 1204 2129 primo
1219 2034 1451 2106 mobili
1472 2036 1553 2106 ab
1575 2053 1724 2106 ortu
1747 2037 1813 2105 in
1832 2032 2155 2119 occasum;
2177 2031 2416 2111 nihilo-

450 2130 660 2199 minus
683 2128 956 2222 quilibet
973 2151 1095 2226 pro
1113 2125 1172 2199 se
1199 2180 1220 2213 ,
1244 2150 1316 2199 ut
1336 2129 1573 2226 sphaera
1593 2128 1865 2201 fixarum
1890 2182 1911 2215 ,
1935 2134 2268 2226 proprium
2285 2126 2418 2198 eti-

451 2245 557 2292 am
580 2227 656 2293 &2
680 2222 1066 2319 peculiarem
1087 2221 1281 2296 habet
1301 2247 1575 2308 motum,
1600 2224 1685 2296 ab
1705 2224 1937 2296 occasu
1957 2227 2022 2294 in
2037 2246 2278 2296 ortum.
2328 2221 2413 2293 Et

448 2316 623 2387 hunc
641 2316 905 2412 quidem
929 2317 1042 2389 Sol
1059 2314 1329 2389 absolvit
1350 2340 1465 2412 per
1490 2343 1574 2389 12
1594 2319 1768 2413 figna
1786 2318 2064 2389 Zodiaci*
2081 2370 2103 2404 ‚
2146 2317 2260 2390 sub
2282 2316 2413 2384 Ec-

447 2407 673 2508 liptica
690 2470 711 2496 ,
760 2416 825 2482 in
845 2435 1017 2483 anno
1038 2414 1343 2506 Tropico
1364 2410 1467 2483 seu
1489 2413 1754 2484 naturali
1776 2465 1798 2500 ,
1831 2413 2080 2484 dierum
2109 2418 2264 2505 365,
2287 2409 2414 2481 ho-

447 2529 723 2674 {iffiss
741 2502 1470 2698 ᾰηῗὲἕΐὲρΐέἱέῗηξ
1488 2506 2412 2697 Ἵξῗῗξὲῑῐωῗοὲῗέἓὲἓὲῗῗὲ

450 2722 545 2772 22
570 2699 762 2782 Iunii,
787 2717 1082 2792 tempore
1098 2697 1306 2780 Veris,
1330 2695 1729 2792 perambulat
1747 2694 1920 2793 signa
1941 2696 2206 2780 Arietis,
2229 2695 2411 2763 Tau-

449 2795 505 2862 ri
527 2846 548 2879 ,
598 2797 671 2863 &
689 2793 1117 2865 Geminorum
1134 2850 1155 2876 ,
1205 2789 1491 2886 usquein
1516 2790 1865 2866 Solstitinm
1887 2788 2186 2863 aestivum.
2237 2790 2300 2859 A
2315 2809 2409 2861 22

451 2889 617 2958 Iunii
666 2890 730 2956 in
774 2911 865 2958 22
902 2886 1296 2981 Septembris
1345 2885 1718 2980 tempestate
1762 2886 1969 2958 aestiva
2007 2937 2029 2971 ‚
2091 2885 2414 2980 percurrit

449 2979 782 3050 Cancrum
808 3032 828 3064 ‚
873 2983 1208 3065 Leonem3
1259 2984 1335 3048 &
1358 2981 1689 3076 Virginem
1715 3032 1737 3066 ‚
1778 2980 1973 3075 usque
1992 2977 2073 3047 ad
2092 2980 2412 3073 AEquino·

449 3074 650 3144 &ium
668 3074 1076 3146 Autumnale.
1148 3075 1326 3143 Hinc
1345 3073 1428 3142 ad
1445 3098 1535 3144 22
1559 3073 1945 3146 Decembris
1987 3070 2255 3163 durante
2279 3073 2413 3142 Au·-

450 3189 680 3239 tumno
705 3223 727 3257 ,
746 3187 1032 3268 permeat
1052 3165 1227 3262 figna
1247 3165 1484 3252 Librae,
1502 3169 1785 3261 Scorpii,
1813 3171 1887 3241 &
1908 3168 2260 3260 Sagittarii,
2284 3164 2414 3238 do-

447 3285 572 3333 nec
611 3268 968 3359 pervenerit
1012 3261 1093 3332 ad
1115 3259 1448 3332 iolstitium
1467 3260 1845 3355 hybernum.
1929 3260 2204 3356 Reliqua
2223 3284 2425 3348 vero,-

444 3356 872 3452 Capricorni,
895 3358 1160 3452 Aquarii
1181 3407 1204 3441 ‚
1225 3361 1300 3427 &
1322 3352 1598 3428 Piscium
1620 3377 1916 3452 tempore
1937 3353 2232 3448 hyberno
2250 3379 2409 3427 con-

444 3451 588 3524 ficit
613 3509 636 3541 ,
682 3459 718 3525 a
740 3480 829 3527 22
853 3451 1237 3523 Decembris
1261 3504 1282 3535 ,
1327 3449 1413 3522 ad
1432 3475 1522 3524 20
1542 3455 1816 3536 Martii,
1853 3450 2073 3522 donec
2093 3452 2309 3523 redeat
2326 3448 2410 3519 ad

448 3552 936 3643 AEquinofflum
980 3569 1246 3619 vernum
1268 3549 1333 3616 in
1354 3548 1677 3642 principio
1708 3548 1968 3617 Arietis.
2016 3548 2236 3641 Atque
2259 3544 2409 3617 hinc

305 3717 321 3729 ,
440 3646 580 3743 jam
601 3665 776 3743 patet
800 3698 821 3729 ,
870 3640 1095 3713 Solem
1134 3642 1235 3712 bis
1258 3644 1323 3712 in
1349 3664 1521 3711 anno
1560 3638 1818 3712 tranfire
1838 3637 2405 3736 AEquinoffialem,

452 3739 606 3812 alias
639 3736 882 3838 semper
918 3738 1006 3811 ab
1024 3762 1110 3812 eo
1129 3759 1301 3810 nunc
1339 3739 1408 3809 in
1433 3735 1601 3812 hane
1623 3789 1647 3827 ,
1677 3747 1862 3811 'nunc
1883 3736 1951 3809 iu
1973 3735 2143 3812 illam
2159 3749 2409 3831 partem

328 3853 337 3858 ’
451 3834 796 3910 declinare.
1771 3924 1781 3933 ἢ
2194 3823 2415 3924 Qod
