2666 4469
1030 220 2045 301 PRAEFATIO.

551 354 906 456 ineptum
929 340 1033 425 est
1056 397 1079 437 ,
1105 340 1316 424 usum
1348 344 1787 425 Globorutn
1814 347 1973 451 (qni
1998 370 2140 454 pro
2170 341 2509 427 elemen-

557 466 648 564 tis
676 466 756 539 in
800 455 1278 539 Astronomia
1299 512 1325 548 ,
1377 459 1580 539 velut
1615 455 2107 567 alphabetum
2131 468 2212 537 in
2235 456 2510 540 Gram-

553 580 832 654 matica
851 569 1038 653 sumi
1060 583 1379 684 queunt)
1402 576 1787 681 ignoranti
1810 627 1833 663 ,
1876 569 2135 653 altiora
2153 574 2400 682 aliqua
2429 579 2511 656 in
2603 652 2608 657 .

511 687 1101 769 ““Astronomicis
1127 710 1564 798 proponere
1588 742 1609 778 ,
1649 706 1731 765 ut
1753 710 1918 797 quae
1939 708 2244 796 tyrones
2268 693 2512 797 magis

557 797 957 882 deterrere
981 797 1449 910 &impedire
1469 795 1730 890 solent,
1754 806 2256 908 quamjuvare
2277 848 2301 891 ,
2328 813 2404 881 &
2429 807 2512 883 in

556 904 1090 1024 cognitionem
1126 913 1669 1019 jucundiffimae
1713 911 2250 1025 utiliffimaeque
2292 911 2512 1018 liujus
2553 1018 2557 1024 Δ

552 1027 883 1110 scientiae
903 1025 1312 1108 deducere.
2575 1132 2580 1133 f

669 1143 1076 1248 Qantum
1099 1140 1194 1222 ad
1217 1141 1678 1234 tationes,ob
1699 1167 1883 1252 quas
1914 1137 2247 1221 creditur
2268 1135 2514 1250 hypo·

551 1252 798 1337 thefin
824 1253 1092 1335 mundi
1113 1283 1293 1335 cum
1315 1279 1512 1339 terra
1533 1257 1825 1346 mobili,
1838 1281 2092 1338 rerum
2112 1252 2514 1336 caelestium

550 1367 1014 1480 dispositioni
1036 1367 1525 1452 conformem
1553 1366 1738 1460 effe,
1761 1396 1923 1448 non
1951 1397 2133 1452 vero
2156 1395 2330 1449 eam
2351 1395 2514 1479 quae

548 1482 791 1562 habet
814 1509 1095 1563 terram
1115 1480 1653 1594 quiescentem,
1675 1482 1830 1562 illas
1855 1489 2134 1593 pauciS,
2153 1504 2281 1562 aut
2304 1483 2513 1563 nullo

549 1591 712 1676 fere
730 1596 967 1677 verbo
989 1603 1224 1705 attigi,
1252 1602 1427 1704 quia'
1445 1622 1715 1706 praeter
1744 1593 2217 1708 propofitum
2241 1623 2514 1678 meum

551 1732 771 1790 erant
794 1765 817 1800 ,
876 1721 953 1790 δε
996 1707 1093 1789 ab
1132 1711 1288 1790 aliis
1331 1708 1494 1790 satis
1530 1717 1689 1812 jam
1712 1706 2135 1793 excuffae.ac
2155 1711 2515 1819 probatae.

550 1822 732 1932 Qi
751 1849 1008 1903 earum
1031 1827 1321 1923 notitiae
1344 1821 1661 1934 cupidus
1687 1822 1792 1904 est
1807 1877 1827 1911 ,
1847 1820 2097 1903 videat
2116 1824 2281 1932 quae
2302 1822 2401 1904 de
2429 1825 2517 1904 il-

546 1937 636 2016 lis
659 1992 684 2027 ,
730 1961 1003 2047 praeter
1026 1938 1307 2017 multos
1330 1938 1508 2019 alios
1530 1991 1553 2026 ,
1595 1934 1947 2047 scripsere
1973 1935 2128 2017 duo
2153 1936 2515 2020 clatiffimi

545 2049 1078 2132 Mathematici
1102 2058 1341 2131 Simon
1364 2058 1710 2130 Stevinus
1735 2105 1759 2140 ,
1804 2060 1882 2128 δι’
1910 2046 2264 2163 Philippus
2291 2066 2517 2131 Lam·-

546 2160 831 2272 bergim
860 2219 882 2256 ,
926 2167 1052 2245 ille
1098 2162 1412 2277 quidem
1451 2165 1775 2247 breviter
1802 2176 1879 2246 &
1901 2163 2216 2249 nervose
2242 2172 2321 2247 in
2371 2178 2516 2271 Hy-

533 2275 1097 2389 pomnematibus
1144 2275 1680 2360 Mathematici&
1696 2335 1716 2366 ‚
1777 2289 1859 2357 in
1902 2283 2147 2388 prima
2168 2280 2517 2395 propofi-

523 2401 528 2406 ’
550 2395 764 2471 tione
786 2391 952 2472 libri
975 2397 1172 2472 tertii
1193 2390 1293 2472 de
1319 2419 1540 2494 motu
1568 2394 1773 2486 caeli3
1830 2390 1961 2471 hic
1985 2419 2161 2473 vero
2194 2394 2405 2476 latius
2430 2403 2516 2479 in

553 2503 1270 2585 commentationibus
1332 2508 1422 2585 de
1462 2527 1653 2586 motu
1703 2528 1907 2586 τινα
1951 2507 2212 2587 diurno
2254 2508 2346 2602 ῤ’
2388 2509 2516 2589 an-

547 2647 706 2697 nuo.
780 2620 1265 2732 Qicunque
1288 2618 1330 2698 ὲ
1355 2621 1784 2734 praejudicio
1806 2619 1991 2701 liber
2009 2618 2116 2700 est
2138 2678 2161 2713 ,
2187 2633 2264 2702 &
2287 2630 2514 2704 ratio·
2545 2633 2550 2638 ’

547 2738 630 2811 ni
651 2733 973 2815 libenter
1016 2737 1276 2816 locum
1302 2734 1508 2816 cedit
1532 2793 1553 2829 ,
1606 2733 2096 2817 sufficientem
2118 2734 2322 2847 apud
2348 2739 2516 2819 illos

545 2868 848 2928 autores
880 2845 1619 2933 demonstrationem
1648 2908 1671 2940 ,
1711 2858 1793 2927 ¹&
1839 2848 2250 2958 plenariam
2293 2878 2514 2960 argu·-

546 2985 993 3043 mentorum
1033 2972 1420 3047 materiam
1466 2970 1807 3045 inveniet
1830 3018 1851 3051 ,
1904 2962 2176 3071 quibus
2214 2960 2515 3046 refellat

532 3101 789 3166 omne
839 3077 1047 3185 quod
1089 3076 1133 3155 ὲ
1184 3075 1881 3157 contradicentibus
1923 3075 2104 3154 huic
2123 3072 2512 3160 sententiae

548 3182 739 3269 solet
756 3196 1073 3300 opponi.
1099 3188 1230 3269 Tu
1251 3197 1585 3280 interim,
1611 3188 1943 3298 benigne
1967 3190 2271 3282 LeStor,
2297 3193 2512 3273 huno

547 3326 806 3382 meum
828 3301 1171 3383 laborem
1203 3311 1278 3383 in
1309 3306 1589 3384 bonam
1618 3325 1919 3415 partem
1941 3311 2249 3418 accipe,
2272 3305 2510 3387 fince-

547 3440 634 3496 re
660 3411 762 3497 de
788 3442 884 3496 eo
906 3414 1179 3515 judica,
1201 3430 1278 3499 δε
1300 3420 1716 3531 plurimum
1735 3418 1925 3500 vale.

743 3647 747 3649 ψ
819 3583 1412 3683 ,Tibiaddifflffimus

898 3768 1679 3874 ,w1munus
1752 3775 1809 3855 1.
1881 3774 2274 3868 BLAEu.

2063 3957 2504 4070 ‘CANss
