2666 4469
1209 115 1249 128 .-N

530 240 636 294 m·
845 235 864 249 ·
898 229 1060 290 un
1117 230 1193 287 v
1226 217 2172 314 svf‘sr’uffi'nanvfm

527 329 875 425 indiaeque
894 326 1048 398 disci
1081 324 1350 396 mobilis
1375 323 1458 394 ad
1477 321 1650 393 diem
1674 349 1762 411 29
1790 326 2058 394 Ianuarii
2086 378 2107 410 ‚
2147 322 2385 397 vei-firi
2409 330 2515 401 vi-

526 425 789 496 debitur
811 422 925 496 So}
949 425 1016 491 in
1043 445 1130 489 1o
1153 419 1354 516 gradu
1386 421 1678 512 Aquarii.
1727 417 2165 489 Meridianum
2198 443 2367 517 ergo
2387 425 2510 494 So-

453 557 460 561 ·
526 518 575 592 li
599 518 874 615 adjunge
912 521 987 586 &
1026 516 1306 585 indicem
1347 512 1673 582 horarium
1709 511 1888 583 horae
1929 510 2338 584 duodecimae
2358 549 2398 601 311
2428 539 2507 587 ac

526 634 707 686 verte
727 609 1002 709 globum
1030 627 1215 679 terrae
1237 612 1302 676 in
1322 626 1543 676 ortum
1568 659 1590 691 ,
1630 610 1705 674 &
1730 606 2101 678 verticalem
2121 612 2243 678 huc
2262 609 2413 678 illuc
2435 614 2506 680 in

527 706 822 778 orientali
847 706 1206 786 horizontis
1225 698 1434 771 limbo
1454 754 1474 786 ,
1519 699 1731 770 donec
1779 726 1864 794 30
1884 737 1887 740 >
1905 702 2144 796 gradus
2182 702 2503 773 verticalis

526 820 748 896 tangat
789 800 1009 870 locum
1056 795 1225 866 Solis
1247 853 1269 880 ,
1318 793 1721 890 globumque
1782 814 1928 865 tene
1988 799 2371 866 immotum:
2416 801 2501 865 δε

526 892 816 966 tranfibit
833 890 1151 965 verticalis
1196 889 1653 959 inhorizonte
1695 911 1809 981 per
1900 888 2085 961 radus
2128 914 2240 974 72,
2267 887 2383 959 scr.
2404 898 2499 961 26

527 988 612 1059 ab
631 987 843 1057 austro
887 988 954 1056 in
998 1003 1217 1054 ortum
1239 1034 1260 1067 ,
1311 1005 1436 1077 pro
1473 911 2085 1053 Azimuthoiiellae:
2130 983 2325 1054 index
2341 1008 2496 1055 vero

525 1078 909 1153 monstrabit
945 1080 1140 1150 horas
1160 1075 1486 1148 a'meridie
1535 1103 1564 1146 1
1581 1102 1647 1164 1,
1696 1080 1851 1147 min.
1904 1101 1989 1147 21
2038 1100 2163 1172 pro
2204 1096 2494 1176 tempore

527 1173 820 1273 quaefito.

799 1305 2375 1433 xxvaPRoBLEMa''

521 1526 639 1610 <Ex
671 1524 877 1620 cognito
912 1513 1196 1609 stellatam
1216 1514 1550 1587 Azimutho
1574 1567 1594 1598 ,
1631 1520 1875 1586 invenere
1907 1539 2105 1585 earnm
2142 1515 2500 1588 altisudimm

1269 1610 1344 1678 &
1375 1609 1571 1678 horam
1605 1612 1787 1677 nostis.

297 1759 329 1809 ι
345 1754 472 1822 pana
697 1735 956 1833 Xempli
976 1736 1182 1831 gratia
1205 1785 1227 1818 ‚
1250 1731 1358 1804 die
1378 1757 1466 1822 29
1488 1734 1752 1804 Ianuarii
1778 1788 1797 1816 ,
1835 1732 1959 1805 visa
1974 1732 2063 1803 est
2083 1730 2204 1806 ves
2267 1738 2324 1804 ri
2347 1733 2515 1808 flel-

295 1819 528 1930 ζ’ἕξζῖἷ,
554 1751 756 1904 Ela
773 1831 943 1902 clara
966 1833 1033 1899 in
1051 1851 1209 1898 cane
1229 1830 1503 1910 minori,
1527 1828 1695 1897 diota
1716 1830 1956 1930 Procyon
1979 1880 2002 1914 ‚
2043 1830 2166 1898 Am
2217 1828 2511 1901 elodami

546 1935 614 2003 in
639 1928 741 2025 pla
786 1952 824 1998 a
846 1923 986 1996 caeli
1019 1926 1407 2022 311phuufi3
1444 1927 1536 1992 ’δε
1557 1926 1862 2018 quaeritur
1887 1922 2039 1992 hinc
2078 1922 2349 1993 altitudo
2369 1926 2513 2017 ejus

544 2023 728 2120 supra
796 2022 1203 2102 orizontem',
1242 2017 1570 2088 cumwhora
1607 2018 1842 2087 noetis·
1887 2017 2110 2087 Indice
2127 2019 2191 2086 in
2213 2018 2515 2111 calenda-

545 2124 647 2193 rio
668 2118 774 2189 die
796 2139 882 2203 29
903 2117 1173 2185 Ianuarii
1212 2109 1518 2208 imposito
1542 2162 1563 2194 ,
1613 2116 1688 2179 &
1730 2110 2074 2182 horizonte
2115 2110 2198 2181 ad
2227 2112 2517 2183 latitudi-

545 2239 696 2288 nem
719 2204 1363 2305 Amstelodamensem
1385 2204 1632 2276 ἀίτεᾶο
1651 2237 1675 2292 3
1724 2207 2070 2300 Procyone
2099 2207 2250 2278 item
2278 2204 2392 2279 suo
2411 2205 2516 2275 lo-

549 2334 636 2383 co
661 2309 936 2379 haerente
956 2299 1083 2374 in‘s
1110 2304 1275 2372 haera
1294 2358 1314 2383 ‚
1357 2299 1779 2371 meridianum
1822 2292 2077 2395 applica
2113 2301 2250 2373 Soli
2277 2355 2298 2386 ,
2342 2300 2517 2373 indi-

549 2428 696 2474 cem
720 2402 1047 2471 horariurn
1120 2420 1252 2467 orae
1274 2418 1386 2478 12,
1418 2399 1493 2462 &
1511 2392 1878 2463 verticalem
1902 2399 1967 2464 in
1990 2395 2283 2466 orientali
2325 2396 2513 2491 plaga

548 2495 912 2568 horizontis
938 2542 960 2575 ,
1002 2491 1230 2582 gradui
1252 2509 1343 2579 45
1370 2486 1455 2555 ab
1472 2485 1681 2555 austro
1704 2489 1766 2554 in
1789 2490 2130 2558 orientem.
2177 2490 2338 2562 Inde
2356 2515 2515 2561 con-

549 2607 725 2661 verte
744 2581 1016 2680 globum
1047 2601 1230 2650 terrae
1269 2584 1337 2646 in
1375 2577 1672 2646 occasum
1695 2631 1717 2665 ,
1762 2579 1973 2647 donec
1995 2584 2316 2656 verticalis
2336 2583 2514 2654 strin-

639 2701 666 2752 t
687 2684 1097 2770 Procyonem
1113 2707 1135 2760 3
1152 2693 1429 2766 eumque
1448 2669 1750 2752 obfirma,
1771 2694 1849 2739 ac
1872 2695 2133 2743 numera
2153 2678 2223 2745 in
2244 2684 2516 2750 vertica-

553 2706 707 2849 ἕξεί)
729 2773 1068 2844 horizonte
1105 2769 1189 2840 ad
1225 2767 1510 2850 stellam3
1552 2763 1952 2860 inveniesque
1988 2768 2223 2861 gradus
2257 2799 2372 2868 35,
2396 2774 2514 2845 scr.

557 2896 650 2944 22
724 2894 799 2939 ro
823 2865 1157 2937 altitudine
1174 2866 1306 2961 ejus
1331 2893 1353 2947 3
1399 2865 1472 2931 δε
1493 2857 1782 2931 ostendet
1817 2861 2009 2931 index
2030 2866 2092 2933 in
2117 2869 2305 2960 cyclo
2327 2868 2518 2940 hora-

561 2968 665 3036 rio
728 2986 874 3035 oras
899 2987 1009 3047 10,
1033 2965 1190 3031 min.
1220 2985 1301 3054 30
1327 2957 1470 3051 post
1494 2954 1830 3025 meridiem
1852 3008 1873 3042 ‚
1925 2979 2048 3051 pro
2068 2961 2335 3054 quaefito
2354 2982 2517 3033 tem-

561 3080 749 3154 pore.

688 3223 2297 3355 'xxxvlnPROBLEMA
2420 3285 2425 3289 -

694 3407 926 3474 Horam
943 3405 1108 3472 nostis
1127 3404 1374 3470 invenire
1361 3421 1481 3560 ἔν
1491 3396 1665 3560 ’ἀμφὶ
1671 3396 1844 3489 acuas
1862 3399 2135 3491 versantes
2149 3406 2210 3471 in
2225 3399 2421 3472 eodm

1438 3514 1625 3563 umut
1665 3519 1716 3561 o.

578 3601 815 3785 Dle'
833 3623 925 3729 ³⁶
941 3619 1106 3714 Maji
1128 3619 1374 3727 vesperi
1391 3611 1533 3688 ναῖε
1548 3615 1690 3688 sunt
1728 3619 2183 3695 Amste10dami
2204 3629 2271 3696 in
2291 3628 2538 3700 eodem

747 3713 1098 3799 Azimutho
1136 3710 1349 3797 lucida
1382 3718 1553 3807 Lyrae
1574 3717 1648 3782 &
1669 3714 1834 3786 clara
1856 3722 2095 3813 Aquila
2115 3741 2261 3816 quae
2283 3728 2361 3793 &
2384 3727 2544 3795 Vul-

566 3833 674 3901 ,tur
691 3809 931 3939 dicitur
953 3861 976 3898 ‚
998 3810 1304 3908 quaetitur
1320 3829 1615 3963 quaenam
1637 3827 1788 3885 tune
1803 3808 1998 3888 fuerit
2014 3814 2199 3923 hora.⁴
2235 3818 2550 3983 Indiglesg
