2666 4469
468 197 685 260 PE'R
764 196 1250 269 TERRA'M
1329 197 1926 258 MOBILBM.
2083 220 2189 277 223

190 300 295 368 mi
338 297 432 368 D.
469 296 733 377 Adriani
757 301 947 365 Μετὰ·
968 352 987 377 ,
1022 297 1135 365 M.
1158 296 1250 371 D.
1303 297 1378 364 &
1406 291 1804 366 scientiarum
1827 296 2195 368 Mathema-

191 395 482 464 ticarum
530 388 912 464 Professoris
959 392 1024 464 in
1072 389 1423 466 Academia
1467 390 1519 466 F
1523 390 1958 460 ranckerana-:
2010 391 2193 460 hori·-

186 504 472 562 zontem
518 485 602 555 ad
648 484 1138 579 septentrionem
1192 482 1305 560 filb
1353 482 1521 560 Polo
1546 483 1836 580 deprime
1858 485 1937 553 ad
1977 483 2191 554 latitu-

183 581 422 649 dinem
447 578 584 649 loci
608 578 789 674 grad,
820 601 943 670 52,
987 581 1217 659 minut.
1247 602 1330 670 50
1355 630 1376 662 ‚
1421 575 1637 659 Solem
1662 578 1915 654 ‚colloca
1949 575 2012 647 in
2031 577 2191 648 ecli-

183 676 379 769 ptica
398 671 480 741 ad
510 673 782 769 gradum
803 696 891 752 27
922 724 943 758 ‚
971 675 1143 742 min.
1177 697 1259 753 17
1302 672 1626 767 Sagittarii
1671 696 1865 768 quem
1911 693 2048 743 tum
2071 694 2193 742 oc-

182 766 507 863 cupabat.
580 770 757 842 Tum
783 786 1103 848 ..converte
1138 764 1555 846 meridianum
1602 766 1682 846 ad
1710 767 1927 839 Solem
1955 820 1976 851 ,
2024 766 2193 835 indi-

181 883 481 956 cemque
522 860 847 940 horarium
868 862 1120 959 applica
1140 861 1318 938 horae
1349 884 1430 931 12
1456 912 1477 945 ,
1525 884 1602 936 ac
1622 861 1810 940 volve
1830 860 2099 956 globum
2125 863 2192 929 in

180 975 425 1027 ortum
446 1010 466 1035 ‚
512 954 726 1025 donec
768 954 961 1036 index
1011 955 1302 1034 ostendat
1353 954 1580 1032 horam
1610 962 1665 1024 >6
1686 954 1827 1051 post
1860 954 2193 1032 meridiem

183 1052 345 1143 (aut
370 1069 485 1143 per
500 1049 920 1126 meridianum
940 1048 1254 1126 transeant
1352 1047 1512 1120 adus
1531 1052 1874 1144 aequatoris
1901 1075 1989 1138 90
2014 1102 2036 1135 ‚
2071 1074 2194 1118 nu-

183 1145 431 1222 metati
472 1142 556 1218 ab
595 1140 953 1222 ascensione
994 1143 1165 1222 reeta
1190 1147 1280 1215 So
1308 1149 1360 1214 is
1387 1195 1408 1227 ‚
1458 1167 1605 1240 quae
1651 1165 1783 1222 erat
1805 1143 1987 1238 grad.
2008 1149 2144 1225 267
2168 1194 2192 1227 ,

183 1240 362 1308 min.
391 1236 466 1328 2)
515 1242 590 1306 ὅτ.
614 1237 926 1314 constitue
946 1261 1098 1316 eum
1119 1238 1541 1319 immobilem.
1619 1234 1895 1331 Respice
1929 1258 2091 1331 ergo
2111 1235 2195 1305 ad

183 1328 612 1410 occidentale
652 1330 814 1402 latus
834 1331 1198 1413 horizontis
1220 1386 1240 1418 ,
1291 1337 1365 1412 δι
1390 1334 1672 1410 invenies
1709 1354 1855 1401 eum
1896 1330 2196 1402 obtinere

242 1422 394 1493 rad.
435 1430 573 1506 267
598 1478 618 1511 ,
664 1429 824 1495 min.
872 1450 916 1497 2
949 1430 1292 1522 aequatoris
1318 1480 1340 1512 ‚
1391 1439 1514 1522 pro
1536 1421 1894 1502 ascensione
1929 1424 2197 1517 obliqua

183 1449 440 1600 {omns
462 1514 771 1614 septimae.
849 1520 1183 1601 Circulum
1227 1520 1378 1594 inde
1402 1516 1738 1618 pofitionis,
1765 1519 2018 1591 colloca
2044 1572 2065 1604 ,
2112 1519 2198 1589 ab

184 1612 591 1695 occidentali
634 1613 833 1694 latete
876 1618 1212 1696 meridiani
1248 1673 1270 1699 ,
1330 1614 1844 1694 extremitatibus
1889 1614 2025 1709 ejus
2075 1611 2200 1683 ho-

184 1710 526 1790 rizontem
558 1709 1017 1804 tangentibus3
1068 1715 1145 1784 ὃς
1183 1733 1444 1792 numera
1489 1710 1574 1789 ab
1619 1709 1961 1786 horizonte
2005 1712 2068 1777 in
2110 1732 2201 1777 εε-

187 1821 482 1897 quatere
543 1806 797 1882 tertiam
861 1824 1109 1897 partem
1153 1795 1526 1897 ‘quadrantis
1588 1804 1672 1876 ab
1719 1803 2069 1874 horizonte
2120 1808 2196 1873 &

188 1893 566 1975 meridiano
596 1896 837 1966 interce
886 1898 977 1980 ti,
1024 1919 1256 1992 nempe
1326 1897 1514 1977 radus
1539 1920 1623 1990 30
1651 1951 1671 1982 ‚
1712 1896 1906 1991 usque
1924 1901 1989 1966 in
2005 1897 2192 1991 grad.

189 2013 340 2076 297
364 2044 384 2069 ‚
433 1991 662 2057 minut.
706 2012 755 2058 2.
791 2012 825 2057 a
851 1987 1211 2061 censionem
1256 1920 1592 2085 ogbliquam
1651 1989 1884 2059 domus
1923 1991 2193 2062 octavae.

189 2085 385 2161 Huic-
406 2081 660 2179 applica
683 2083 991 2164 circulum
1018 2085 1354 2179 pofitionis
1379 2126 1409 2169 ‚·
1442 2088 1523 2156 ἃ
1540 2081 1687 2158 vide
1706 2083 1817 2156 ubi
1863 2082 2197 2157 intersecet

187 2177 621 2275 eclipticam:
676 2172 1084 2273 inveniesque
1117 2177 1464 2258 siz-&ionem
1506 2176 1734 2255 cadere
1784 2180 1850 2247 in
1897 2201 1980 2272 14
2000 2178 2191 2276 grad.

182 2298 291 2349 πο
319 2273 479 2352 min.
545 2274 859 2367 Aquarii,
882 2273 1062 2368 quod
1087 2273 1175 2347 est
1197 2277 1451 2351 initium
1472 2269 1707 2349 domus
1730 2272 1993 2346 oeavae.
2045 2278 2195 2344 Nu-

190 2389 382 2449 mera
420 2389 622 2463 porro
662 2371 729 2438 in
764 2386 1091 2464 aequatore
1136 2366 1296 2448 alios
1326 2394 1407 2463 30
1433 2367 1667 2464 gradus
1706 2366 1988 2463 usquein
2006 2368 2192 2464 grad.

201 2487 344 2558 327
385 2516 408 2544 ,
486 2469 716 2535 minut.
774 2487 843 2543 2.
923 2461 1350 2544 ascensionem
1415 2462 1749 2557 obliquam
1816 2487 2003 2533 nonae
2071 2462 2198 2532 do-

191 2578 392 2628 must
444 2560 635 2652 eique
678 2557 957 2654 adjunge
1001 2557 1309 2635 circulum
1335 2556 1673 2654 pofitionis
1696 2616 1714 2640 ,
1768 2556 2104 2629 &secabit
2140 2562 2195 2628 is

195 2652 575 2745 eclipticam
615 2654 682 2731 in
724 2652 900 2749 grad.
922 2676 1012 2741 29
1038 2705 1061 2739 ³
1102 2656 1331 2736 minut.
1367 2678 1452 2724 10
1495 2650 1771 2733 Piscium
1797 2705 1817 2736 ‚
1861 2653 2051 2721 initio
2077 2651 2198 2720 do·

198 2769 351 2815 mus
394 2769 607 2814 nonae.
678 2748 811 2815 Pro
856 2745 1114 2840 cuspide
1159 2747 1393 2815 domus
1416 2746 1687 2833 decimae
1727 2743 1830 2815 seu
1853 2746 2048 2814 medii
2072 2767 2200 2813 cae-

198 2838 617 2931 liloccupant
659 2836 1077 2908 meridianum
1122 2837 1306 2933 grad.
1335 2845 1466 2922 26,
1493 2842 1724 2908 minut.
1768 2843 1861 2928 46
1895 2838 2194 2909 Piscium.

201 2935 383 3001 Hinc
428 2929 739 3013 circulum
794 2929 1127 3027 pofitionis
1196 2930 1470 3012 transfer
1534 2931 1616 3009 ad
1651 2931 1961 3013 orientale
2003 2939 2199 3002 meri-

202 3023 386 3094 diani
423 3023 588 3100 latus
634 3078 656 3112 ‚
730 3029 805 3096 δε
847 3027 931 3096 ab
999 3049 1083 3097 eo
1130 3048 1389 3096 numera
1440 3027 1507 3096 in
1565 3046 1893 3123 aequatore
1940 3031 2196 3098 tertiam

203 3138 459 3216 partem
497 3119 866 3216 quadrantis
916 3117 1001 3190 ab
1046 3120 1391 3191 horizonte
1429 3124 1502 3189 &
1527 3121 1881 3199 meridiano
1920 3126 2201 3192 interce-

200 3217 357 3312 pti,
404 3237 635 3312 nempe
664 3240 745 3310 30
811 3213 1000 3286 radus
1027 3269 1047 3300 ‚
1073 3213 1482 3312 inveniesque.
1505 3239 1625 3311 pro
1649 3211 2005 3287 ascensione
2029 3216 2199 3287 obli-

202 3331 344 3405 qua
375 3308 608 3383 domus
658 3239 1012 3385 untfecimae
1051 3310 1237 3408 grad.
1275 3333 1401 3392 27,
1453 3312 1606 3387 min.
1640 3336 1704 3380 2.
1770 3313 1890 3381 His
1935 3314 2198 3408 impone

204 3403 524 3477 circulum
570 3406 906 3503 pofitionis
930 3457 951 3490 ,
1003 3409 1077 3481 δε
1100 3403 1343 3483 secabit
1383 3402 1487 3485 ille
1526 3404 1893 3502 eclipticam.
1916 3411 1983 3479 in
2003 3407 2193 3503 grad.

204 3514 252 3589 9
280 3552 301 3585 ,
327 3501 484 3573 min.
510 3525 601 3571 20
620 3504 869 3591 Tauri„
891 3524 1013 3597 pro
1034 3501 1363 3599 principio
1382 3497 1615 3577 domus
1639 3498 2011 3579 undecimae.
2084 3499 2195 3575 Ab

201 3594 398 3689 hujus
435 3592 668 3669 domus
703 3594 1059 3668 ascenfione
1104 3595 1376 3692 obliqua
1421 3618 1683 3673 numera
1735 3595 1897 3675 alios
1940 3617 2196 3690 3o‘gra-

205 3688 330 3763 dus
354 3742 377 3775 ,
428 3693 502 3766 δε
549 3691 989 3763 terminabitur
1032 3694 1395 3765 numeratio
1441 3695 1507 3762 in
1552 3690 1734 3788 grad.
1761 3714 1848 3781 57
1874 3742 1894 3774 ‚
1935 3693 2092 3761 min.
2118 3713 2192 3777 2,

206 3808 333 3884 pro
357 3782 629 3883 obliqua
668 3783 1024 3866 ascensione
1063 3785 1299 3865 domus
1341 3786 1775 3867 duodecimas:
1843 3788 1930 3857 Iis
1975 3784 2198 3947 812ξί-

2122 3902 2193 3949 us

2208 93 2229 131 Ι
