2666 4469
428 221 641 286 1281<
701 221 1211 287 TERRAM
1280 211 2220 288 1Μ’ΜοΒῐιΕΜ.”ιοἰ

247 318 458 390 donec
498 321 678 391 locus
705 319 874 393 Solis
900 323 1176 416 attingat
1213 342 1305 412 40
1327 317 1600 415 gradum
1624 317 1942 391 verticalis
1968 371 2004 412 γ
2038 344 2223 392 eum-

170 483 174 487 *
246 436 377 509 que
409 413 697 485 obfirmo
719 467 741 501 ‚
790 419 866 484 δε
906 411 1258 510 quaerendo
1299 413 1575 509 gradum
1615 418 1963 509 aequatoris
2002 417 2224 484 orien-

245 528 403 593 tem,
426 511 686 580 invenio
717 534 840 592 171
870 507 1051 604 grad.
1078 507 1193 578 scr.
1228 531 1309 600 51
1343 542 1365 594 3
1395 513 1483 578 ita
1507 528 1578 578 ut
1597 505 1981 578 antecedens
2109 532 2221 578 ua-

244 604 405 673 toris
434 603 766 698 punEtum,
787 600 968 697 quod
989 599 1368 673 ostendebat
1389 599 1816 673 ascensionem
1845 601 2017 673 Solis
2045 626 2091 672 o
2139 600 2220 672 li-

243 719 439 793 quam
459 754 478 778 ,
520 696 705 793 supra
745 696 1158 768 horizontem
1200 692 1551 767 ascenderit
1585 695 1890 793 gradibus
1922 715 2218 793 aequato-³

241 794 328 860 ris
354 790 440 858 68
469 841 492 874 ,
538 788 748 885 scrup.
783 789 912 874 183
963 795 1037 861 δε
1128 795 1230 861 uia
1279 815 1395 885 per
1440 791 1806 888 praecedens
1851 788 2217 886 exemplum

241 882 377 973 isto]
400 880 507 953 die
545 885 802 955 inventa
824 883 915 954 est
954 906 1095 979 quae
1120 885 1258 956 ibet
1295 884 1454 957 hora
1476 885 1604 955 diei
1626 885 1952 982 inaequalis
1998 888 2217 956 conti·

241 1000 396 1048 nere
416 973 653 1071 gradus
674 981 1019 1072 aequatoris
1047 1004 1127 1066 19
1154 1029 1177 1062 ,
1216 977 1423 1073 scrup.
1462 1004 1542 1066 19
1569 1032 1591 1064 ‚
1629 978 2023 1050 numerando
2046 983 2111 1048 in
2129 1003 2232 1048 ae-·

245 1090 525 1167 quatore
539 1069 627 1141 ab
648 1069 992 1140 horizonte
1030 1067 1262 1141 {ursum
1286 1123 1307 1155 ,
1355 1075 1615 1165 inquiro
1706 1080 1911 1144 uoties
1937 1072 2220 1144 totidem

245 1164 483 1262 gradus
523 1166 1077 1262 prius-aequatoris
1119 1164 1426 1259 punfflmm
1466 1162 1650 1258 supra
1717 1171 2085 1238 orizontem
2124 1165 2222 1235 afi-

110 1289 117 1294 ·
247 1259 538 1331 cendent
562 1310 585 1343 ,
611 1260 871 1329 invenio
924 1280 1002 1327 ue
1021 1277 1118 1329 ter
1140 1256 1296 1327 illud
1326 1283 1409 1346 19
1432 1279 1534 1354 gr.
1558 1255 1764 1354 semp.
1795 1284 1875 1347 19
1902 1256 2221 1354 permeas-

161 1391 167 1396 ·
244 1350 350 1438 se,
408 1350 864 1448 &supereffea
914 1350 1299 1448 hucgradus
1330 1378 1455 1434 10,
1499 1348 1636 1422 seru
1690 1376 1867 1438 .27,
1915 1376 2082 1448 quos
2107 1375 2225 1447 per

126 1493 131 1506 =
243 1446 533 1544 regulam
552 1445 796 1517 reduco
821 1444 903 1516 ad
936 1445 1181 1518 minuta
1203 1446 1381 1518 horae
1404 1449 1651 1542 inaequa
1677 1450 1730 1517 is
1754 1501 1774 1533 ,
1822 1448 1953 1519 hoc
1976 1445 2169 1541 paeto
2197 1469 2220 1514 ε

245 1540 481 1637 gradus
532 1566 612 1629 19
640 1593 663 1626 ,
705 1538 915 1638 strup.
965 1566 1047 1629 19
1106 1546 1454 1637 aequatoris
1483 1593 1506 1627 ‚
1555 1538 1798 1612 faciunt
1869 1565 2059 1611 unam
2100 1538 2225 1610 ho-

246 1659 383 1706 ram
417 1634 838 1730 inaequalem3
935 1656 1195 1709 uantum
1233 1636 1474 1734 gradus
1500 1662 1586 1706 10
1610 1688 1632 1722 ‚
1676 1635 1796 1708 scr.
1832 1643 1976 1719 27?
2018 1632 2224 1731 prod-

244 1750 397 1800 eunt
431 1726 638 1826 scrup.
670 1754 776 1831 32.
803 1748 875 1801 ut
930 1732 1090 1802 uerit
1109 1752 1251 1805 tum
1270 1730 1789 1829 temporis,bora
1806 1727 2137 1827 inaequalis
2162 1754 2227 1828 3,

217 1824 914 2010 ‚scrflgdggopetandi
950 1919 1200 1987 ratione
1236 1920 1478 1988 utimur
1498 1942 1648 1991 cum
1688 1918 1849 1988 hora
1893 1915 2225 2009 inaequalis

252 2008 633 2082 invenienda
653 2008 747 2079 est
786 2031 900 2103 per
916 2009 1222 2086 Azimuth
1264 2029 1375 2080 aut
1396 2009 1613 2080 radios
1655 2012 1825 2106 Solis
1847 2060 1870 2093 ,
1915 2007 2099 2102 quod
2139 2032 2221 2078 ex

252 2107 336 2175 iis
373 2125 519 2197 quae
547 2124 668 2195 pro
706 2103 1097 2174 inveniendis
1120 2102 1294 2173 horis
1340 2127 1394 2172 ae
1445 2102 1694 2174 ualibus
1718 2100 2117 2197 problemate
2141 2121 2223 2196 35

259 2203 336 2270 &
364 2202 449 2294 36
469 2192 870 2284 tradidimus,
892 2193 1037 2269 latis
1062 2197 1270 2295 potest
1289 2198 1426 2272 inte
1453 2198 1586 2295 ligi.

476 2442 481 2449 .
938 2357 1140 2426 Aliter
1146 2376 1247 2451 per
1265 2312 1544 2427 {imos-
1959 2458 1962 2461 Ι

344 2462 641 2570 Exempli
665 2470 845 2545 causa
863 2531 884 2557 ,
924 2471 1032 2545 die
1049 2502 1091 2556 7
1117 2472 1259 2546 Iulii
1282 2477 1482 2570 cupio
1502 2472 1969 2570 scirequaenam
2012 2468 2087 2543 fit
2107 2469 2228 2542 ho·-

251 2572 408 2639 rain
514 2567 666 2638 ualis
689 2621 710 2653 ,
753 2567 835 2639 ad
856 2567 1084 2655 horam
1105 2567 1416 2663 aequalem'
1433 2573 1687 2649 tertiam
1708 2573 1743 2638 a
1759 2568 2048 2640 meridie.
2103 2568 2229 2637 Per

252 2688 344 2758 23
372 2687 494 2760 pro
546 2662 710 2734 lema
741 2662 879 2734 dies
898 2663 1247 2738 artificialis
1289 2683 1430 2735 tum
1450 2667 1768 2760 temporis
1792 2662 1884 2733 est
1919 2663 2231 2732 horarum

110 2768 116 2773 '
250 2757 596 2853 ,aequalium
623 2761 708 2826 16
731 2788 754 2841 ;
803 2755 1039 2851 quibus
1081 2754 1455 2851 divifis‘per
1484 2783 1611 2839 12,
1662 2756 1882 2850 prodit
1926 2756 2085 2825 hora
2108 2774 2232 2823 una

255 2851 516 2947 aequalis
559 2907 582 2934 ,
654 2853 728 2919 δε
766 2845 974 2959 scrup.
1020 2873 1109 2919 20
1133 2902 1158 2934 ‚
1218 2872 1343 3014 Ero
1383 2849 1827 2945 magnitudine
1893 2846 2071 2922 horae
2132 2848 2234 2914 in·-

256 2945 543 3040 aequalis.
615 2943 708 3013 Vt
751 2966 911 3039 ergo
957 2940 1152 3013 sciam
1263 2964 1449 3013 oram
1513 2942 1644 3013 diei
1702 2940 2080 3035 inaequalem
2150 2936 2236 3009 ad

256 3039 566 3136 aequalem
589 3040 845 3109 tertiam
871 3035 1015 3133 post
1049 3035 1379 3107 meridiem
1400 3091 1422 3123 ‚
1446 3036 1603 3107 dico
1627 3059 1708 3107 ex
1727 3034 1974 3132 vulgari
1989 3032 2236 3130 regula,

262 3156 386 3204 una
426 3134 584 3204 hora
623 3129 884 3226 aequalis
932 3134 1119 3202 &20
1161 3130 1282 3203 scr.
1332 3129 1487 3202 dant
1533 3131 1760 3202 horam
1806 3130 2183 3226 inaequalem
2205 3184 2231 3213 ,
2335 3142 2340 3147 “

262 3226 424 3322 quid
458 3225 610 3297 dant
651 3226 830 3296 horae
873 3225 1142 3321 aequales
1173 3251 1203 3320 3
1232 3233 1261 3296 ὃ
1301 3225 1625 3320 prodeunt
1670 3225 1850 3313 horae
1889 3223 2231 3321 inaequales

262 3346 337 3406 2,
359 3317 560 3415 scrup.
590 3342 668 3412 15
698 3352 719 3406 3
773 3319 1010 3417 quibus
1049 3317 1284 3389 additis
1320 3319 1405 3390 ad
1443 3320 1635 3392 horas
1678 3320 2016 3416 inaequales
2046 3326 2088 3387 6
2112 3343 2232 3388 an·

262 3437 332 3488 te
353 3413 681 3580 tineridielm
698 3412 932 3511 elapsas
953 3471 972 3498 ,
997 3417 1387 3511 proveniunt
1404 3413 1583 3492 simul
1598 3414 1773 3490 horae
1794 3414 2133 3511 inaequales
2157 3412 2229 3497 8,

144 3534 147 3537 ’
265 3515 345 3581 δε
391 3532 502 3578 cru
554 3533 591 3577 u
616 3530 653 3576 a
680 3535 707 3578 1
771 3558 790 3578 .
1521 3552 1526 3557 ι
1655 3530 1660 3533 ·
1808 3568 1840 3578 ,
2147 3552 2154 3557 -
2227 3536 2230 3543 ·

278 3630 285 3635 ·
357 3532 563 3673 Hori}
583 3531 916 3696 inaeq5uales
937 3601 1239 3674 dicuntur
1258 3604 1409 3675 alias
1432 3603 1610 3675 horae
1630 3607 2001 3675 Planum
2021 3653 2043 3685 ‚
2077 3601 2236 3694 quia

263 3719 518 3773 veteres
563 3697 792 3790 cuique
827 3696 1104 3768 Planetae
1144 3721 1340 3774 unam
1377 3722 1459 3770 ex
1500 3703 1579 3771 iis
1616 3695 2072 3792 adscripserunt
2104 3714 2236 3786 qua

266 3810 571 3904 regeret5
618 3811 691 3868 ca
731 3793 976 3871 ratione
995 3849 1018 3880 ,
1065 3812 1138 3864 ut
1155 3795 1364 3965 pgma
1384 3794 1545 3869 hora
1579 3794 1928 3889 incipiente
1962 3790 2066 3949 abS
2084 3804 2238 3948 elga

275 3908 293 3919 .
598 3912 601 3917 ,
1304 3910 1342 3980 3
2067 3901 2113 3946 ο
2210 3932 2237 3967 ³
