2666 4469
469 249 539 323 73
828 249 958 308 DE
1055 247 1266 309 VSV
1368 247 2053 314 GLOB‘onM

468 352 649 425 trahe
690 371 1026 420 numerum
1069 350 1378 418 ma'orem
1400 343 1582 442 grad.
1603 347 1785 433 282,
1827 344 2035 443 scrup.
2062 369 2191 441 52,
2229 354 2432 437 &res

469 445 820 517 manebunt
843 442 1012 514 idem
1029 465 1144 539 gra
1192 465 1264 512 us
1292 468 1322 510 1
1342 467 1423 528 19
1449 494 1469 526 ,
1514 437 1721 536 strup.
1747 463 1843 533 44
1864 499 1885 524 ,
1912 461 1981 512 ut
2004 439 2208 538 supra.
2279 450 2427 517 Hos

470 539 748 635 denique
766 536 979 608 divide
1004 559 1115 630 per
1141 558 1224 629 15
1250 589 1272 620 ,
1319 540 1393 604 &
1409 540 1786 629 provenient
1809 536 1986 606 horae
2008 562 2048 618 7
2072 590 2094 622 ‚
2110 535 2311 636 scrup.
2339 565 2425 631 59

462 638 764 732 proxime
797 683 818 715 ‚
882 653 1002 725 pro
1048 650 1345 725 tempore
1387 628 1570 727 quod
1614 631 1955 701 intercedit
1997 633 2166 703 inter
2209 631 2427 704 ortum

394 725 399 728 ⁵
471 734 720 802 Vulturis
745 729 818 793 &
837 725 1178 796 Aldebarae.

757 911 1212 983 XXVII.
1299 911 2226 985 PROBLEMA.'

480 1125 485 1130 .
578 1074 823 1142 Initium
843 1092 912 1139 ac
924 1069 1097 1164 finem
1109 1068 1541 1166 crepusbtdormn
1557 1066 1639 1137 ad
1656 1073 1845 1139 omnia
1860 1071 1976 1140 loca
1995 1067 2070 1140 &
2083 1091 2324 1166 tempora

1123 1191 1130 1196 ·
1296 1165 1594 1259 explorare.

471 1296 580 1449 P
608 1285 984 1380 Rincipium
1017 1281 1148 1352 diei
1190 1285 1419 1379 incipit
1461 1283 1543 1355 ab
1564 1282 1811 1356 ascenfit
1837 1285 2007 1357 Solis
2049 1283 2231 1382 fitpra
2253 1284 2431 1356 hori-

608 1400 872 1451 zontem
898 1432 920 1464 ‚
967 1380 1041 1447 &
1057 1376 1204 1447 finis
1223 1376 1353 1447 diei
1376 1396 1483 1448 aut
1506 1380 1761 1449 initium
1786 1379 1997 1449 noctis
2020 1431 2043 1465 ‚
2138 1380 2350 1450 uando
2370 1382 2428 1449 is

465 1472 578 1547 sub
601 1476 1009 1546 horizontem
1031 1470 1288 1541 labitur.
1363 1472 1528 1542 Non
1570 1492 1781 1543 tamen
1821 1470 2030 1541 statim
2067 1403 2152 1543 ai)
2193 1470 2427 1541 occasu

378 1579 383 1596 ’·
470 1569 641 1641 Solis
685 1566 961 1638 tenebrae
990 1564 1338 1634 succedunt
1376 1567 1450 1631 &
1471 1588 1641 1651 nox3
1695 1570 1768 1634 δε
1788 1584 1935 1635 ante
1957 1564 2131 1636 diem
2163 1589 2242 1636 ac
2258 1565 2429 1651 Solis

468 1684 685 1734 ortum
728 1684 860 1729 non
883 1657 1228 1728 mediocris
1252 1678 1518 1754 quoque
1540 1660 1728 1730 nobis
1748 1656 2014 1754 affulget
2033 1661 2144 1733 lux
2169 1683 2188 1729 t
2242 1660 2426 1754 cujus

467 1759 561 1828 rei
583 1755 764 1824 causa
783 1751 872 1824 est
898 1804 919 1837 ‚
946 1751 1129 1847 quod
1152 1751 1266 1823 Sol
1289 1773 1584 1850 tempore
1605 1757 1925 1825 matutino
1937 1751 2279 1838 adhucsub
2303 1754 2430 1830 ho·

466 1847 928 1920 rizontelatens
954 1899 977 1931 ,
1018 1846 1234 1918 radios
1276 1844 1423 1919 suos
1446 1848 1710 1943 projicit
1744 1852 1809 1917 in
1821 1843 2035 1921 a‘e‘rem
2058 1903 2081 1938 ,
2105 1853 2202 1918 ’δε
2224 1861 2430 1943 vapo-

464 1966 565 2015 res
585 1940 950 2014 obfidentes
965 1939 1273 2013 vifibilem
1314 1942 1598 2013 nostrum
1621 1943 2034 2015 horizontem
2051 2001 2072 2029 ,
2115 1945 2229 2040 qui
2247 1944 2431 2014 exin-

463 2037 549 2109 de
568 2035 928 2109 albedinem
962 2040 1037 2107 &
1059 2037 1416 2109 claritatem
1435 2037 1717 2133 aliquam
1735 2037 2021 2118 efficiunt
2044 2091 2086 2130 ,κ
2161 2061 2307 2120 uam
2329 2036 2435 2106 di-

444 2131 750 2204 luculum
765 2151 1000 2204 vocant
1019 2187 1037 2215 ,
1056 2152 1164 2203 aut
1185 2130 1624 2228 crepusculum
1644 2131 2050 2203 matutinum.
2101 2061 2280 2296 {112ae
2304 2129 2434 2218 cla-

468 2230 622 2299 ritas
642 2228 956 2297 continuo
974 2225 1314 2322 augescens
1355 2226 1613 2299 tandem
1634 2223 1694 2298 se
1712 2223 2018 2296 diffundit
2053 2240 2171 2318 per
2252 2223 2432 2299 enith

467 2321 662 2416 usque
684 2325 747 2388 in
767 2320 1088 2390 occasum.
1162 2325 1456 2418 Tempus
1481 2343 1692 2391 autem
1716 2343 1800 2391 ex
1819 2344 1955 2416 quo
1976 2317 2090 2390 Sol
2115 2340 2301 2391 mane
2320 2324 2433 2391 aei-

465 2439 604 2486 rem
644 2414 730 2484 fic
753 2415 980 2508 incipit
1000 2413 1353 2485 illuminare
1379 2467 1400 2501 ‚
1445 2435 1555 2484 aut
1584 2413 1822 2510 vesperi
1863 2437 2012 2484 eum
2030 2410 2257 2493 delerit
2281 2468 2302 2503 ,
2340 2414 2433 2486 'est

511 2508 723 2578 uando
750 2506 828 2574 18
852 2506 1034 2602 grad.
1061 2504 1407 2578 secundum
1428 2508 1739 2577 circulum
1761 2505 2127 2580 verticalem
2169 2506 2430 2605 depress-

460 2533 562 2675 ῗίιε
597 2601 687 2672 est
704 2597 816 2670 sub
832 2601 1265 2671 horizontem.
1344 2600 1738 2673 Profundior
1755 2598 1799 2671 fi
1820 2599 1896 2672 fit
1918 2656 1941 2688 ,
1984 2604 2265 2674 tenebrae
2288 2602 2429 2676 sunt

467 2721 582 2793 per
601 2716 814 2766 totum
834 2699 1048 2765 aerem
1068 2693 1195 2766 fine
1220 2692 1345 2785 ulla
1368 2718 1629 2790 crepera
1646 2715 1757 2766 aut
1777 2695 1974 2767 dubia
2021 2694 2187 2786 luce.
2254 2704 2325 2768 In
2349 2703 2427 2771 iis

462 2815 626 2888 ergo
642 2792 843 2875 locis,
879 2788 991 2860 ubi
1029 2790 1145 2863 Sol
1181 2788 1389 2862 aestate
1424 2813 1564 2860 eam
1586 2789 2088 2888 profunditatem
2110 2789 2225 2863 sub
2243 2793 2426 2864 hori-

464 2909 733 2958 zontem
771 2887 996 2981 nequit
1037 2881 1275 2980 affequi
1298 2939 1320 2971 ‚
1373 2885 1651 2956 tenebrae
1687 2889 1796 2957 vix
1831 2889 2134 2982 ingruunt
2156 2939 2178 2971 ‚
2219 2911 2428 2983 neque

465 3005 642 3051 mera
662 2979 738 3051 fit
754 3005 886 3050 nox
904 3034 925 3064 ‚
952 2978 1059 3051 sed
1078 2978 1443 3078 crepuscula
1464 2975 1602 3049 sunt
1620 2980 1973 3075 pernoctia.
2042 2979 2428 3053 Tenendum

465 3093 681 3144 tamen
768 3072 1228 3144 rofunditatem
1262 3073 1429 3144 Solis
1471 3072 1550 3143 18
1574 3073 1886 3170 graduum
1904 3125 1927 3159 ‚
1966 3097 2097 3143 non
2137 3073 2262 3147 efle
2312 3100 2429 3170 per

466 3170 685 3237 omnia
722 3096 871 3237 foca
912 3172 985 3236 &
1031 3187 1325 3262 tempora
1369 3165 1763 3243 constantem
1784 3220 1808 3253 ‚
1852 3165 1956 3247 ob,
1978 3171 2220 3255 variam
2260 3174 2425 3242 aeris

463 3269 846 3354 temperiem
891 3265 964 3329 &
987 3259 1388 3331 altitudinem
1412 3310 1434 3343 ‚
1484 3282 1601 3354 per
1644 3283 1803 3357 quas
1825 3260 1948 3346 fit,
1995 3281 2067 3331 ut
2089 3264 2279 3335 citius
2314 3288 2423 3337 aut

463 3357 707 3427 tardius
722 3352 915 3426 lolito
931 3352 1296 3450 crepuscula
1312 3356 1625 3451 incipiant
1665 3360 1739 3424 &
1765 3351 2092 3425 definant:
2140 3360 2310 3431 velut
2332 3357 2422 3430 le·

461 3474 614 3547 gere
652 3449 741 3521 est
779 3448 950 3544 apud
973 3454 1254 3520 Autores
1294 3448 1460 3520 hanc
1482 3455 1812 3521 materiam
1853 3471 1933 3519 ex
1975 3449 2256 3545 profesto
2278 3477 2421 3550 pet-

459 3546 824 3619 traQantes.
978 3574 979 3579 ¹
1074 3612 1077 3615 Α

553 3641 644 3711 Vt
687 3632 1151 3734 cognoscamus
1194 3633 1455 3734 quan'do
1470 3660 1657 3711 mane
1693 3638 1806 3713 lux
1824 3642 1935 3715 ista
2006 3663 2152 3714 uam
2172 3643 2422 3715 dilucu-

460 3732 595 3807 lum
629 3756 741 3808 aut
768 3757 1063 3806 auroram
1089 3734 1535 3819 nominamuS,
1576 3738 1843 3832 incipiat
1884 3735 1945 3811 se
2015 3737 2322 3811 iffitndere
2348 3741 2416 3807 in

434 3835 681 3906 ,aerem
711 3829 795 3903 ad
815 3828 1091 3928 quodvis
1112 3833 1261 3906 anni
1279 3849 1532 3927 ternpus
1552 3861 1578 3923 3
1613 3831 1904 3932 ‘exempli
1942 3832 2100 3937 loco
2135 3833 2419 3928 inquira-

2272 3947 2422 3998 mus
