2666 4469
385 204 520 264 ετ
597 168 1125 267 ntsrntn.
1199 202 1910 267 ctononvu.
2097 220 2162 263 ιι

78 336 81 343 ’
197 327 291 400 40
316 308 390 376 δε
419 329 503 400 50
526 304 759 402 gradus
810 302 1164 377 latitudinis
1210 361 1227 387 ‚
1278 324 1464 375 erunt
1501 307 1568 374 in
1604 303 1863 377 climate
1902 303 2160 398 quinto·

195 399 745 473 Amstelodamum
772 403 846 471 &
870 398 1242 470 Londinum
1279 402 1446 469 intra
1485 420 1571 487 50
1595 402 1669 468 &
1699 404 1786 468 60
1809 397 2166 485 latitudinis

193 494 473 587 gradus,
493 484 910 565 verlafiuntur
926 497 991 575 in
1014 492 1270 564 climate
1290 488 1492 563 sexto,
1549 496 1699 563 Goa
1724 491 1923 563 Indiae
1946 494 2164 563 orien-.

194 587 337 658 talis
365 640 386 671 ,
433 590 500 657 in
544 587 868 674 secundo:
919 586 1121 658 Insula
1162 587 1383 659 Zeilan
1420 591 1496 657 &
1534 591 1784 662 Guinea
1830 589 1896 656 in
1921 589 2180 682 primo·-

192 683 412 777 Atque
440 685 529 752 ita
548 686 743 754 etiam
766 685 830 752 in
852 683 1117 752 caeteris.

716 866 1607 949 CAPVT‘V.

191 1023 323 1105 De
347 1023 569 1109 stellis
591 1083 614 1122 ,
638 1052 1046 1136 earumque
1074 1021 1504 1105 discrimine
1525 1080 1548 1115 ‚
1594 1024 2150 1132 denominatio-

791 1167 924 1230 ne,
947 1167 1031 1219 ac
1055 1135 1601 1218 distributione.
2155 1139 2162 1144 ’

687 1313 743 1381 1.
836 1318 936 1382 De
955 1306 1252 1401 steHarum
1294 1305 1633 1403 dtscrhnine.

193 1427 699 1593 VEtustiores
740 1428 1120 1541 Alli-onom}
1143 1484 1159 1507 ,
1206 1428 1319 1520 qui
1347 1428 1534 1521 primi
1554 1424 1690 1497 caeli
1715 1431 1790 1499 δε
1818 1380 2156 1540 caelesti-um

354 1547 706 1635 corporum
727 1546 944 1638 motus
987 1519 1329 1616 diligenter
1366 1521 1782 1638 explorarunt
1805 1576 1826 1608 ‚
1875 1521 2162 1619 duplicis-

184 1641 436 1714 generis
485 1619 687 1692 stellas
728 1646 791 1690 in
838 1621 1000 1689 caelo
1019 1613 1574 1712 deprehenderunt
1597 1669 1619 1702 ‚
1662 1625 1930 1689 Errantes
1955 1621 2028 1688 δε
2052 1626 2154 1688 ln-

76 1721 85 1729 '
185 1738 440 1785 mantes.
515 1722 782 1787 Errantes
802 1707 1392 1797 Graecis'nausn'wq
1423 1763 1445 1795 ‚
1491 1709 1632 1781 sunt
1649 1716 1937 1808 quinque
1962 1765 1983 1798 ‚
2032 1714 2152 1783 Sa-

187 1828 437 1894 turnus,
454 1811 721 1904 Iupiter,
743 1813 957 1895 Mars,
974 1809 1215 1892 Venus,
1236 1808 1310 1875 &
1330 1810 1695 1879 Mercurius
1702 1840 1722 1892 3
1746 1803 2012 1901 (quibus
2037 1828 2163 1889 ac-,

186 1901 490 1973 cedentes
523 1954 544 1987 ‚
592 1903 750 1987 Sol,
790 1906 1100 1998 Lunaque
1124 1955 1145 1987 ‚
1193 1897 1614 1996 septenarium
1635 1902 1906 1996 implent
1927 1923 2147 1970 nume-

185 1999 376 2087 rum)
421 1993 509 2065 fic
528 1994 688 2065 dieti
714 2048 737 2081 ,
781 2020 911 2069 non
935 1996 1115 2092 quod
1155 1998 1409 2066 incerto
1455 1991 1637 2085 cursu
1672 1993 1798 2064 fine
1819 1993 2048 2064 ordine
2069 2016 2148 2063 ac

182 2087 470 2161 menlura
506 2109 883 2161 moveantur
909 2122 931 2175 3
977 2086 1083 2161 led
1174 2090 1275 2158 uia
1295 2093 1574 2185 propriis
1599 2084 1977 2184 diversisque
1997 2111 2149 2161 mo-

183 2183 359 2256 tibus
385 2237 407 2269 ,
460 2205 782 2278 nunquam
801 2205 908 2256 aut
952 2187 1117 2256 inter
1163 2206 1200 2253 e
1222 2187 1612 2257 conveniunt
1636 2238 1660 2270 ‚
1704 2203 1999 2280 ratasque
2016 2179 2154 2253 ser-'

182 2299 335 2351 vant
353 2275 676 2350 distantias
695 2309 719 2364 3
744 2299 855 2350 aut
873 2303 1021 2350 cum
1040 2278 1188 2348 fixis
1210 2278 1485 2352 eundem
1514 2298 1793 2365 motum,
1816 2278 2147 2349 ordinem-

183 2396 261 2444 ve
295 2369 661 2445 observant.
727 2382 1041 2447 Inmantes
1078 2371 1186 2445 seu
1200 2374 1351 2469 fixae
1393 2372 1581 2445 stellae
1618 2372 1920 2444 dicuntur
1941 2425 1963 2460 ,
2011 2396 2145 2443 non

183 2465 366 2562 quod
401 2470 585 2538 omni
624 2466 877 2563 prorsus
920 2488 1177 2541 careant
1222 2488 1457 2553 motu3
1517 2468 1544 2559 (
1574 2492 1722 2538 nam
1753 2469 1941 2564 juxta
1975 2466 2145 2537 hanc

185 2561 408 2632 mundi
444 2561 861 2658 hypothefin,
897 2564 1184 2635 videmus
1207 2586 1313 2633 eas
1336 2560 1867 2658 quotidiespatio*
1893 2583 1984 2654 24
2018 2560 2145 2630 ho—

181 2678 426 2738 rarum,
453 2680 643 2726 unam
667 2660 838 2727 circa
858 2677 1093 2729 terram
1111 2656 1439 2729 absolvere
1462 2655 1945 2727 convertionem
1969 2656 1995 2747 )
2037 2651 2146 2744 sed

181 2749 361 2844 quod
379 2747 629 2821 easdem
649 2748 892 2845 semper
913 2753 1078 2822 inter
1091 2751 1153 2822 st:
1172 2749 1499 2820 distantias
1523 2747 1767 2820 servent
1793 2801 1815 2833 ‚
1851 2745 1979 2817 fine
1998 2770 2149 2816 om·
2211 2799 2216 2802 -

182 2847 245 2913 ni
266 2847 625 2923 mutatione
646 2895 667 2927 ‚
716 2867 868 2938 pare
983 2869 1063 2916 ue
1099 2866 1330 2914 omnes
1378 2842 1655 2914 habeant
1693 2860 1971 2911 motum.
2024 2844 2147 2909 Hae

180 2941 248 3008 in
274 2935 532 3009 faetitiis
556 2934 771 3032 globis
794 2937 970 3007 caelel
1001 2936 1143 3008 ibus
1163 2936 1466 3006 delineari
1499 2932 1699 3005 solent
1725 2987 1746 3017 ‚
1788 2932 1908 3004 {11ae
1928 2931 2021 3004 ob
2043 2935 2148 3003 di-

181 3030 395 3104 versos
414 3030 884 3127 mutabilesque
908 3054 1124 3105 motus
1150 3083 1174 3120 ,
1220 3050 1544 3125 nequeunt
1586 3032 1652 3101 in
1695 3031 1773 3099 iis
1806 3027 2149 3126 repraesens·

189 3145 334 3208 tart.
2113 3161 2140 3186 κ

272 3221 481 3290 Porro
502 3272 525 3305 ,
566 3240 639 3291 ut
672 3217 987 3291 stellarum
1002 3220 1141 3292 aliae
1163 3217 1317 3290 alias
1340 3217 1778 3316 magnitudine
1799 3203 2147 3317 apparente

183 3315 260 3388 &
284 3313 566 3384 claritate
588 3314 700 3388 lon
748 3338 786 3385 e
809 3312 1104 3387 videntur
1123 3313 1419 3411 superare
1444 3347 1463 3399 3
1486 3317 1576 3384 ita
1602 3336 1724 3408 pro
1740 3308 1980 3385 divessa
1999 3313 2145 3414 luce

180 3406 552 3496 dividuntur
584 3412 648 3479 in
715 3432 817 3500 eit⁴
838 3408 1329 3504 magnitudines.
1375 3410 1713 3494 ‚Maximae
1731 3412 1904 3480 enim
1929 3408 2000 3478 &
2018 3405 2148 3478 ful-

183 3499 557 3601 gentiffimae
574 3502 872 3578 dicuntur
911 3502 1369 3614 magnitudinis
1392 3507 1658 3599 primae3
1705 3501 1899 3598 paulo
1938 3505 2151 3572 mino-

170 3621 302 3683 res,
336 3595 664 3680 secundae3
708 3603 994 3673 minores
1015 3618 1270 3683 iterum,
1293 3603 1499 3670 tertiae
1516 3651 1537 3684 ,
1561 3594 1828 3695 quartae,
1854 3599 2141 3692 quintae3

176 3694 461 3772 minimae
485 3689 759 3859 ἃθῦὶῖβ
783 3747 805 3779 ,
830 3692 1316 3792 xmagnitudinis
1357 3691 1546 3765 lextae
1566 3726 1584 3777 3
1649 3712 1875 3786 praeter
1894 3691 2146 3784 aliquot

173 3769 510 3867 tiebulosas
532 3788 608 3862 δε
629 3808 675 3860 ο
720 3784 972 3881 stat-&3
1016 3808 1462 3977 proagogines
1482 3791 1549 3860 in
1573 3783 1781 3882 globo
1799 3780 2147 3949 eaelelvigifitg
