2666 4469
417 240 629 303 PER
695 189 1192 303 TERRA‘M
1258 240 1850 303 nonunt.
2022 250 2135 307 m·

165 338 329 410 Tum
367 336 785 408 meridianum
810 334 952 406 Soli
997 332 1250 428 applica
1272 383 1295 417 ,
1343 330 1754 430 iudicemque
1795 336 2132 408 horarium

166 431 331 503 horae
353 455 480 517 123
526 455 605 502 ac
623 449 800 501 verte
841 427 1113 525 globum
1156 430 1232 497 δε
1269 428 1635 500 verticalem
1675 432 1739 498 in
1782 429 2125 503 horizonte

168 528 287 596 huc
325 524 513 607 illuc,
557 525 774 594 donec
813 546 901 594 22.
924 522 1158 619 gradus
1204 522 1521 593 verticalis
1568 521 1830 619 stringat
1852 524 2071 596 Solem
2094 576 2118 609 ‚

213 620 553 715 lobumque
587 625 733 688 tene
769 614 1194 687 immobilem.
1258 613 1573 687 Ostendet
1603 618 1795 687 index
1827 617 2165 689 horarius-

167 642 384 784 ἔσταιτι
406 720 449 781 6
473 768 494 799 ‚
535 715 670 781 min
712 711 799 782 28
828 764 849 795 ‚
903 734 1024 806 pro
1043 730 1339 801 tempore
1356 712 1396 779 ὲ
1417 710 1627 799 media
1648 712 1840 782 noeste
1861 709 2074 809 elapso
2098 753 2143 797 ,-

172 813 241 877 &
261 807 573 878 verticalis
597 809 661 875 in
685 807 1028 877 horizonte
1051 804 1225 899 grad.
1252 826 1342 892 99
1363 861 1385 888 ,
1409 810 1565 876 min.
1593 829 1637 876 2
1661 858 1681 892 ,
1708 829 1831 902 pro
1852 812 2124 880 Azimu-

169 901 279 972 tho
296 900 468 974 Solis
489 898 697 973 versus
716 903 1056 974 orientem.

434 1086 918 1160 XXX11V.
1014 1041 1841 1160 PROBLEMA.

192 1278 203 1289 ·
264 1249 367 1313 Ex
386 1242 519 1314 dato
537 1242 868 1317 Azimutho
886 1244 1043 1325 Solis,
1066 1248 1338 1340 inquirere
1352 1245 1472 1340 qus
1487 1241 1847 1321 altitudinem
1851 1243 2029 1339 siapra
2138 1223 2144 1238 ¹

740 1337 1075 1409 horizontem
1096 1339 1169 1408 ἔθ’
1184 1339 1379 1408 horam
1392 1336 1536 1428 ‚dica

174 1460 328 1612 O
349 1449 676 1523 Bservatus
721 1451 795 1524 fit
834 1456 1110 1551 exempli
1148 1454 1354 1551 gratia
1379 1453 1490 1525 Sol
1515 1450 1973 1526 Amstelodami
2014 1455 2322 1544 dierpmis

349 1552 440 1616 26
459 1548 626 1641 Maji
669 1571 853 1620 mane
878 1602 898 1634 ,
947 1552 1015 1619 in
1060 1550 1246 1646 plaga
1287 1551 1833 1648 οοῆῇιῳῦουῆι
1875 1549 2008 1620 hoc
2028 1549 2117 1620 est
2133 1532 2345 1642 &¹5:¹⁸⁴

162 1644 249 1710 62
269 1656 302 1737 ξ
320 1639 622 1736 gradibus
643 1641 726 1711 ab
748 1642 957 1713 austro
977 1644 1057 1714 ad
1078 1665 1298 1715 ortum
1324 1697 1346 1730 ,
1396 1650 1470 1715 δε
1490 1665 1812 1743 quaeratur
1837 1668 1918 1714 ex
1932 1668 2007 1714 ea
2029 1644 2123 1715 al-

159 1743 370 1814 titudo
406 1745 543 1838 ejus
565 1736 750 1839 supra
787 1746 1197 1818 horizontem
1217 1800 1240 1833 ‚
1290 1751 1367 1817 &
1401 1748 1562 1821 hora
1583 1748 1735 1821 diei.
1788 1750 2125 1819 Horizon-

160 1855 288 1907 tem
330 1834 446 1906 sub
481 1836 650 1907 Polo
684 1838 973 1932 deprime
1012 1842 1094 1910 ad
1128 1840 1555 1912 elevationem
1593 1867 1795 1937 quam
1837 1846 1891 1913 is
1927 1842 2124 1914 habet

159 1928 613 2001 Arnstelodami
640 1982 663 2013 ,
712 1932 1074 2028 &impone
1113 1933 1397 2004 indicem
1416 1933 1576 2005 disci
1617 1936 1883 2009 mobilis
1902 1936 2011 2006 die
2026 1942 2125 2007 26

152 2026 323 2117 Maji
345 2074 378 2123 δ
419 2020 741 2093 videbitur
779 2026 894 2096 Sol
937 2023 1164 2099 versari
1224 2030 1291 2096 in
1332 2027 1536 2124 gradu
1587 2052 1624 2119 5
1673 2033 2129 2119 Geminorum.

155 2121 334 2191 Tum
372 2115 649 2189 advolve
684 2116 1104 2192 fneridianum
1143 2121 1325 2207 Soli,
1377 2121 1791 2216 iudicemque
1833 2122 2011 2193 horae
2037 2148 2125 2194 12

151 2218 220 2288 in
262 2209 459 2309 cyclo
501 2211 762 2284 horario
789 2268 810 2301 ,
856 2216 1015 2286 item
1037 2214 1513 2319 verticalemsin
1547 2216 1893 2288 horizonte
1925 2216 2131 2314 plagae

151 2310 699 2406 uust3uphuustl
722 2310 851 2382 hoc
871 2310 957 2380 est
978 2365 999 2397 ,
1022 2333 1117 2408 gr.
1145 2317 1231 2393 67
1255 2334 1290 2410 {-
1308 2310 1394 2382 ab
1412 2309 1625 2399 austro
1647 2315 1712 2383 in
1732 2332 1951 2385 ortum
1976 2336 1995 2382 ε
2043 2335 2127 2387 ao

149 2444 348 2509 ,verte
411 2422 638 2495 lobum
658 2445 839 2495 terrae
877 2425 941 2495 in
964 2423 1263 2495 occasum
1291 2478 1311 2510 ,
1359 2423 1573 2497 donec
1591 2427 1908 2499 verticalis
1944 2426 2127 2496 stria-⁴

146 2540 265 2617 gat
289 2520 380 2589 So
402 2542 510 2589 em
549 2538 659 2588 aut
701 2542 737 2610 5
774 2517 1046 2615 gradum
1088 2523 1558 2606 Geminorum,
1602 2540 1879 2616 eumque
1918 2523 2124 2592 retine

146 2612 580 2684 immobilem.
632 2613 943 2684 Ostendet
963 2613 1154 2684 index
1176 2619 1239 2685 in
1264 2616 1459 2712 cyclo
1478 2615 1706 2687 hora-m
1728 2617 1765 2685 8
1791 2669 1810 2700 ,
1836 2611 1955 2686 str.
1986 2618 2075 2705 5'2
2096 2666 2153 2712 ,ι

145 2732 276 2806 pro
316 2729 611 2801 tempore
649 2712 1011 2792 matutin03
1059 2712 1133 2777 δε
1175 2728 1318 2802 pars
1358 2711 1676 2780 verticalis
1713 2713 1879 2787 inter
1903 2708 2124 2789 Solem

149 2807 229 2870 &
251 2804 666 2871 horizontem
686 2805 807 2868 erit
827 2801 1143 2895 graduum
1163 2822 1273 2891 42,
1297 2806 1456 2873 min.
1475 2826 1595 2895 23,
1617 2819 1854 2896 quanta
1874 2820 2013 2871 tum
2031 2799 2125 2870 est
2174 2794 2179 2795 ἦ

153 2895 333 2967 Solis
354 2892 537 2988 supra
560 2892 968 2965 horizontem
988 2892 1287 2964 altitudo.
2117 2912 2123 2918 ·

471 3079 885 3154 XXXV.
978 3081 1819 3154 PROBLEMA.

262 3243 370 3310 Ex
385 3232 525 3308 data
527 3235 823 3330 stellarum
836 3237 1136 3310 altitudine
1152 3237 1481 3339 'investigare
1499 3263 1698 3312 earum
1714 3226 2018 3315 Azimuth

895 3333 969 3403 ΕΘ*
986 3333 1181 3405 horam
1199 3337 1389 3404 nostis.

270 3454 554 3551 Vppone
575 3509 595 3541 ,
621 3478 743 3553 pro
763 3453 1090 3551 exemplo,
1114 3454 1221 3527 die
1241 3479 1328 3546 29
1352 3458 1623 3528 Ianuarii
1645 3454 1768 3530 ves
1791 3458 1881 3530 eri
1922 3464 2116 3558 Regu·
2141 3489 2164 3527 1
2185 3477 2323 3538 panis

152 3470 246 3623 S
268 3549 892 3623 lum.Amstelodami
927 3553 997 3621 in
1020 3551 1316 3622 orientali
1339 3551 1478 3623 caeli
1501 3574 1678 3647 parte
1710 3483 2116 3649 ozservatum
2138 3540 2352 3650 ζξζξζῖ.

142 3646 281 3719 esse
307 3652 374 3718 in
415 3644 743 3718 altitudine
765 3641 829 3716 su
878 3669 946 3715 ra
982 3646 1393 3718 horizontem
1422 3648 1737 3744 graduum
1763 3673 1849 3740 30
1875 3698 1896 3731 ,
1942 3651 2015 3717 δε
2039 3671 2121 3718 ex
2353 3653 2357 3657 “

141 3766 226 3812 ea
266 3740 736 3838 inquirendum*
762 3670 948 3836 ipgus
973 3740 1282 3811 Azimuth·
1325 3746 1400 3812 δε
1438 3745 1663 3814 horam
1702 3741 1856 3810 diei.
1924 3744 2126 3813 Hori-

144 3858 358 3913 zonte
383 3833 778 3933 .compofito
819 3835 904 3907 ad
960 3834 1364 3913 latitudinem
1422 3832 2085 3913 Amadodamensem-
2102 3870 2129 3918 5

1199 3930 1269 4000 O
1311 3951 1357 4001 2
1702 3982 1710 3989 -
1958 3926 2129 4000 indi-
