2666 4469
371 140 503 202 ετ
564 137 1091 202 nisum.
1154 136 1964 225 srnAERARvmq
2061 161 2163 221 ιε,

207 236 520 310 circulum
540 234 1073 333 aequinoffialem.
1101 237 1335 308 Motus
1357 239 1579 309 tertius
1603 243 1715 334 qui
1818 239 1930 312 ulo
1949 240 2168 313 mino-

208 337 473 428 tiquam
497 357 709 404 annuo
727 329 936 427 spatio
968 328 1312 403 absolvitur
1329 387 1353 422 ,
1397 329 1475 403 fit
1498 335 1563 406 in
1579 332 1710 429 seip
1737 358 1845 406 um
1869 387 1891 420 ,
1940 354 2168 421 contra

205 446 460 511 motum
503 427 688 498 illum
725 428 929 496 centri
974 446 1156 496 terrae
1176 478 1200 512 ,
1248 429 1322 496 &
1355 424 1809 500 succeffionem
1845 427 2170 524 (ignorum

205 525 379 593 eirca
396 520 622 594 lineam
647 519 1002 618 parallelam
1028 543 1174 591 cum
1194 544 1311 592 axe
1330 520 1649 617 eclipticae
1674 576 1696 609 ,
1719 522 1805 594 ab
1829 527 2080 595 oriente
2100 525 2168 593 in

202 614 637 689 occidentem.
688 615 968 687 Duobus
1005 613 1104 686 his
1147 615 1435 685 motibus
1474 616 1596 690 hac
1637 620 1885 689 ratione
1906 613 2169 714 ,prope-

203 710 471 781 modum
493 709 611 781 fibi
633 730 858 779 mutuo
881 707 1318 796 obviantibus,
1358 713 1684 807 contingit
1707 766 1729 798 ,
1775 737 1960 784 axem
1985 716 2058 783 &
2077 736 2166 781 ae-

200 824 543 899 quaterem
564 802 917 875 terrestrem
938 802 1018 874 ad
1044 803 1299 897 planum
1333 805 1650 900 eclipticae
1701 809 2041 878 inclinatos
2065 804 2164 878 fe-

197 922 271 970 te
291 918 605 995 perpetuo
632 900 696 967 in
716 896 982 970 eandem
1018 896 1155 967 caeli
1179 895 1432 993 plagam
1456 899 1698 995 dirigi,
1738 921 2041 997 tanquam
2061 900 2165 973 es-

192 990 337 1065 sent
360 990 748 1063 immobiles.
802 990 931 1064 Sed
957 1010 1025 1061 ut
1045 996 1302 1061 tertium
1345 1014 1595 1063 motum
1618 1046 1640 1078 ,
1684 999 1797 1089 qui
1820 992 2164 1088 persedis-

196 1087 392 1170 fieilis
434 1086 752 1157 intellestu
792 1084 883 1157 est
917 1135 940 1168 ,
989 1085 1342 1154 commoda
1380 1084 1783 1159 similitudine
1817 1090 2161 1183 explicem,

194 1180 285 1253 fic
297 1184 449 1277 aj03
491 1204 661 1277 pone
682 1184 826 1249 navi
847 1175 1123 1273 quadam
1149 1230 1170 1263 ,
1216 1179 1397 1273 cujus
1424 1178 1681 1251 summo
1705 1180 1878 1251 malo
1899 1168 2163 1278 imbofi-

208 1296 350 1354 tum
398 1273 475 1345 fit
517 1272 788 1369 aplustre
848 1274 1020 1341 circa
1061 1272 1315 1342 radium
1342 1270 1623 1357 mobile,
1668 1277 1740 1343 &
1767 1278 1832 1343 in
1857 1299 1992 1371 quo
2036 1277 2160 1369 (ut

192 1373 261 1441 in
300 1368 622 1441 schemate
651 1371 677 1461 )
719 1366 1010 1462 depietus
1048 1364 1123 1437 fit
1163 1364 1403 1463 globus
1447 1386 1634 1437 terrae
1678 1391 1828 1439 cum
1862 1393 1981 1441 axe
2018 1398 2154 1445 non

189 1465 417 1536 ereeto
444 1516 465 1549 ,
512 1461 615 1535 sed
652 1463 734 1531 ad
762 1461 927 1531 latus
950 1460 1263 1531 inclinato

191 1556 485 1654 parallel&
521 1581 671 1627 eum
703 1579 820 1628 axe
902 1554 1039 1626 lobi
1063 1575 1263 1626 terre-

188 1656 300 1736 ni,
341 1650 767 1748 navigandum
816 1675 852 1721 e
901 1674 939 1720 e
982 1652 1047 1720 in
1087 1647 1260 1728 ,foffa

185 1748 465 1817 rotunda
528 1749 698 1815 cirea
763 1760 977 1814 arcem
1107 1768 1257 1812 uan-

184 1840 344 1910 dam
431 1858 544 1920 aut
620 1837 1004 1907 fortalitium
1151 1856 1259 1906 nte

189 1937 401 2006 Noto
448 1929 594 2001 satis
646 1930 864 2001 valido
906 1957 931 2012 3
999 1929 1258 1999 evidens

115 2025 128 2052 ‘
182 2026 281 2099 est
352 2078 375 2113 ,
452 2021 733 2118 ,aplustre
836 2021 992 2093 illud
1077 2020 1261 2093 fimul

182 2145 343 2191 eum
381 2121 526 2192 navi
559 2115 692 2187 uon
731 2114 1259 2202 convertendum,

182 2212 297 2291 sed
334 2216 399 2288 vi
442 2214 611 2284 venti
656 2209 929 2285 australis
956 2262 977 2297 ,
1030 2232 1262 2314 perpe·

180 2331 308 2391 tuo
350 2307 496 2380 fore
558 2306 874 2379 diretstum
916 2309 1121 2379 verius
1168 2304 1259 2376 se-

177 2406 621 2500 ptentrionem
676 2454 698 2487 ‚
778 2422 1094 2495 axemque
1204 2403 1258 2469 i-

179 2499 364 2569 stum
422 2495 505 2568 ad
571 2494 838 2571 eandem
913 2494 1051 2565 caeli
1116 2424 1253 2589 pfa-

230 2617 335 2664 am
362 2616 384 2660 ι
426 2594 515 2665 ita
537 2611 608 2664 ut
630 2588 892 2686 quando
936 2592 1109 2660 navis
1134 2591 1254 2662 iter

169 2615 361 2765 filum
383 2709 775 2782 promovens
798 2737 821 2768 ,
863 2687 937 2752 &
960 2687 1131 2753 circa
1151 2709 1251 2753 ar-

180 2802 329 2850 cem
346 2774 560 2849 versus
582 2801 783 2851 unum
812 2777 974 2846 latus
1005 2775 1088 2845 de
1130 2776 1232 2849 lo-

181 2896 273 2945 co
313 2875 378 2942 in
422 2868 643 2943 locum
663 2865 963 2940 tranfiens
1007 2892 1196 2940 unam
1236 2866 1282 2936 al

171 2964 455 3062 aplustre
498 2986 763 3059 quoque
803 2960 1040 3032 eodem
1082 2982 1381 3056 temptat.
1427 3000 1601 3057 eiua
1661 3000 1912 3036 ιιωυω
1972 3000 2151 3036 :uum

182 3079 416 3132 contra
431 3078 690 3128 motum
709 3059 886 3128 navis
930 3079 1129 3130 unum
1171 3057 1516 3151 circuitum
1552 3055 1895 3154 petfeeetit
1918 3110 1940 3143 ,
1986 3057 2152 3130 axis-

168 3178 315 3252 que
355 3152 567 3248 globi*
591 3172 774 3222 tetrae
811 3150 1051 3244 depicti
1105 3148 1417 3246 dirigatur
1463 3154 1528 3226 iu
1572 3151 1843 3223 eandem
1887 3150 2149 3249 plagam

116 3249 120 3253 *
180 3247 350 3321 eaeli.
400 3244 965 3342 Vtiquoquelicet
985 3242 1391 3335 fimilitudine
1425 3250 1666 3329 Simoni«
1687 3251 1912 3317 Stevim'
1934 3299 1961 3332 ,
2003 3270 2150 3342 quae

178 3343 329 3414 talis
370 3338 460 3410 est
486 3363 506 3408 ε
537 3343 604 3412 Si
640 3363 785 3435 quis
826 3343 894 3409 in
936 3337 1293 3414 meditullio
1327 3332 1489 3413 rosae
1525 3334 1832 3437 eompaffi
1859 3343 2149 3452 nautici,
2269 3356 2275 3361 ·

132 3490 136 3495 ·
174 3440 391 3534 erigat
422 3432 686 3510 frustum
711 3434 1021 3508 straminis
1059 3433 1379 3529 ὥτοᾷςᾳω
1397 3434 1480 3509 ad
1501 3432 1980 3531 Polumqaindi
1999 3487 2022 3518 ,
2071 3439 2149 3504 δε

178 3528 483 3631 parallel&
523 3551 669 3599 eum
710 3552 828 3603 axe
858 3549 1083 3601 terrae:
1134 3527 1470 3626 eompaflo
1507 3553 1653 3603 cum
1691 3529 1837 3606 navi
1877 3533 1945 3618 iu
1986 3525 2150 3600 fossa

175 3623 653 3698 rotundaeirea
675 3646 886 3694 arcem
907 3626 1271 3734 navigante,
1286 3646 1366 3719 „ut
1384 3644 1532 3697 ante
1548 3677 1571 3712 ,
1592 3620 1989 3700 manifestum
2013 3621 2103 3691 est
2119 3644 2142 3690 ε

175 3719 365 3818 quod
410 3718 525 3793 ubi
561 3720 738 3792 navis
773 3718 879 3791 de'
897 3717 1053 3815 loco
1094 3744 1169 3811 ¹.¹.¹.
1200 3717 1422 3813 locum
1441 3717 1525 3792 ab
1553 3744 1685 3792 uno
1709 3717 1912 3813 latete
1942 3710 2144 3811 ‚semel

882 3820 900 3839 ³
1209 3816 1266 3886 L
1304 3837 1355 3906 4
1869 3809 2143 3876 circum-
