2666 4469
446 231 578 290 ar
649 227 1178 293 nis-rara.
1242 228 1948 295 (nouorum.
2099 218 2201 303 ὐ

318 328 536 423 Qod
551 347 762 400 autem
781 328 1102 423 principia
1125 324 1367 398 Cancri
1409 332 1482 398 δι
1499 328 1886 424 Capricorni
1899 332 2200 404 dicantur

233 421 509 494 Solstitia
535 474 557 508 ‚
595 420 769 517 quafi
791 421 907 495 Sol
926 420 1088 490 inibi
1109 422 1418 493 immotus
1432 419 1567 495 suas
1586 422 1957 499 observaret
1976 427 2201 498 statio-

233 540 367 601 nes3
391 541 524 588 non
544 514 1029 611 intelligendum
1050 514 1132 584 de
1150 535 1335 586 motu
1359 517 1494 611 ejus
1520 542 1633 613 per
1654 521 2066 619 Eclipticam,
2087 520 2198 593 sed

231 610 510 706 respectu
544 611 997 681 declinationis
1036 609 1120 680 ab
1161 626 1509 704 aequatore.
1581 616 1799 687 Partes
1827 617 1999 686 enim
2020 614 2199 687 Ecu-

232 709 420 799 pticae
462 704 712 798 aliquot
751 704 1057 801 gradibus
1077 723 1223 775 ante
1244 756 1266 788 ,
1321 710 1394 773 δι
1424 706 1568 801 post
1588 712 1769 780 initia
1790 709 2066 794 Cancri,
2115 713 2196 789 8⁶,

232 798 645 895 Capricorni,
672 822 834 893 pene
855 795 1162 895 parallelae
1182 796 1323 867 sunt
1345 802 1685 894 AEquatori
1710 836 1732 888 3
1757 805 1926 877 adeo
1949 824 2020 875 ut
2043 803 2194 890 Sol,

230 892 341 964 ubi
366 891 549 962 hasce
573 913 784 988 partes
801 891 1017 963 tranfit
1035 949 1056 975 ,
1097 914 1319 985 parum
1343 914 1451 962 aut
1473 893 1603 966 fere
1618 898 1774 968 nihil
1798 903 1996 970 variet
2019 895 2196 971 suam

227 986 753 1074 declinationem,
775 1008 982 1081 eaque
1005 989 1249 1055 ratione
1270 986 1593 1057 censeatur
1615 991 1787 1084 quafi
1809 992 2201 1067 immobilis-

321 1084 553 1151 Mo'tus
569 1082 738 1153 Solis
766 1082 1067 1175 proprius
1091 1099 1204 1173 per
1225 1077 1635 1172 Eclipticam,
1659 1084 1768 1153 tali
1791 1085 2198 1159 similitudine

230 1171 441 1269 potest
461 1174 924 1271 comprehendi
947 1196 967 1242 :
1015 1175 1281 1268 impone
1303 1172 1531 1243 Globo
1555 1177 1872 1266 parvulam
1894 1180 2199 1267 muscam,-

229 1290 301 1338 ut
346 1267 743 1365 perambulet
785 1266 1172 1362 Eclipticam
1218 1263 1302 1337 ab
1333 1266 1680 1347 occidente
1726 1272 1793 1340 in
1834 1275 2152 1343 orientem
2167 1299 2202 1356 ς,

229 1366 250 1432 i
297 1362 563 1460 sumque
587 1361 878 1437 Globum
916 1365 1089 1432 circa
1110 1357 1287 1432 suum
1304 1380 1491 1432 axem
1525 1361 1608 1437 ab
1621 1365 1880 1440 oriente
1919 1370 1985 1436 in
2010 1362 2204 1448 occi-,-

271 1480 487 1530 entem
506 1461 596 1529 ita
619 1477 927 1531 converte
946 1510 966 1542 ‚
991 1475 1062 1527 ut
1083 1458 1341 1551 quoties
1367 1454 1623 1529 Globus
1648 1454 1834 1530 semel
1855 1461 2203 1543 circumiefl

224 1554 308 1624 rit
333 1606 354 1639 ,
373 1552 585 1625 musca
598 1573 702 1624 eat
725 1555 791 1623 in
811 1555 1208 1624 contrarium
1231 1573 1348 1645 per
1375 1570 1569 1632 unum
1599 1553 1856 1623 circiter
1873 1552 2148 1651 gradum
2163 1572 2201 1639 3.

227 1671 302 1717 ac
333 1647 590 1720 tandem
607 1647 840 1720 Globo
883 1642 1088 1744 spatio
1125 1647 1275 1716 anni
1302 1645 1906 1740 365‘cottverfiones
1926 1647 2019 1729 ab,
2038 1667 2196 1733 om}
2267 1678 2286 1691 f

225 1741 311 1811 ad
332 1739 631 1813 occasum
646 1739 1014 1814 absolvente
1032 1793 1054 1827 ,
1102 1732 1318 1812 musca
1341 1742 1599 1812 interim
1639 1761 1745 1813 eat
1769 1743 1853 1813 ab
1866 1739 2198 1825 occasuin

226 1856 446 1908 ortum
466 1840 813 1932 peremnia
839 1835 1013 1931 figna
1038 1835 1336 1907 Zodiaci.
1390 1880 1396 1913 ,-
1425 1857 1434 1867 ·
1992 1895 1998 1901 .
2092 1884 2100 1919 2

240 1992 279 2003 -,
317 1934 428 2001 De
469 1932 732 2025 reliquis
770 1931 1048 2004 Planetis
1067 1981 1091 2016 ‚
1133 1951 1414 2024 quorum
1460 1928 1674 2002 cursus
1718 1922 1786 2000 iri
1808 1929 2048 2027 globisg
2074 1948 2199 2014 neff

226 2041 475 2120 queunt
494 2022 948 2118 repraesentari,
969 2022 1077 2095 hic
1092 2047 1223 2094 non
1239 2024 1636 2111 decrevimus
1657 2046 1849 2119 agere
1874 2074 1900 2112 ,
1919 2047 2195 2117 monenfl

227 2138 329 2191 tes
352 2114 558 2188 solum
579 2121 645 2188 in
670 2114 928 2190 tranfitu
953 2169 976 2204 ,
1017 2119 1359 2189 Saturnum
1379 2117 1526 2188 fixis
1548 2121 1916 2215 proximum
1938 2118 2193 2189 motum

226 2210 409 2286 suum
428 2214 765 2311 proprium
783 2209 1106 2285 absolvere
1125 2210 1330 2309 spatio
1351 2238 1666 2285 annorum
1696 2238 1805 2307 30,
1826 2218 2051 2287 Iovem
2082 2236 2193 2302 η,

225 2313 518 2380 Martem
538 2332 606 2391 2,
632 2308 945 2381 Venerem
969 2362 990 2396 ‚
1020 2312 1095 2379 &
1115 2311 1518 2380 Mercurium
1535 2307 1693 2382 dum
1714 2309 1934 2381 Solem
1957 2331 2192 2420 perpe-

225 2424 345 2475 tuo
364 2408 759 2475 comitantur
774 2406 939 2475 intra
960 2427 1196 2475 annum
1215 2455 1238 2491 ,
1281 2407 1528 2474 Lunam
1544 2426 1701 2476 vero
1722 2406 1891 2476 intra
1910 2427 1953 2474 2
1959 2429 2001 2484 7
2023 2401 2191 2475 dies.

224 2501 447 2596 Atque
482 2497 550 2568 hi
570 2497 847 2569 Planetae
860 2521 1086 2570 omnes
1110 2551 1134 2585 ,
1179 2522 1314 2568 non
1340 2520 1411 2569 ut
1430 2497 1545 2567 Sol
1583 2495 1697 2568 sub
1718 2497 1855 2568 Ecli
1904 2499 2032 2567 tica
2051 2519 2197 2593 per-

227 2614 430 2690 petuo
444 2591 792 2678 incedunt3
840 2589 943 2663 sed
963 2592 1049 2663 ab
1068 2616 1143 2664 ea
1172 2595 1429 2664 nuncin
1451 2594 1727 2662 Boream
1854 2593 2194 2687 patiantur,
2315 2632 2320 2636 ·

226 2711 400 2758 nunc
443 2690 510 2757 in
529 2687 827 2758 Austrum
853 2739 875 2775 ‚
927 2707 1123 2784 prout
1162 2684 1519 2758 latitudinis
1563 2688 1843 2782 propriae
1867 2685 2047 2753 ratio
2070 2705 2196 2778 po·

225 2782 535 2874 ίὶιιΙαῑ.ι

211 2911 218 2917 ·
520 2891 529 2896 ’
734 2883 1216 2955 CAPVT
1351 2880 1676 2952 VIII.

987 3045 1086 3111 De
1106 3042 1442 3110 Horizonte.

420 3155 663 3231 Irculus
706 3154 908 3228 oculo
931 3154 1150 3227 nostro
1171 3207 1192 3241 ‚
1235 3175 1305 3223 ut
1331 3173 1618 3224 centrum
1658 3148 2194 3251 circumscriptus,

421 3251 744 3347 visumque
787 3252 870 3322 ad
907 3252 1134 3334 caelum
1155 3248 1567 3344 undiquaque
1600 3248 1984 3332 terminans,
2031 3249 2204 3322 unde

230 3357 446 3423 finitor
484 3346 587 3418 seu
615 3348 958 3422 Terminator
978 3348 1136 3444 vtfus
1160 3343 1397 3441 dicitur
1422 3396 1442 3429 ‚
1485 3346 1733 3417 Graecis
1760 3344 1987 3438 οςίζων
2015 3373 2036 3427 3
2081 3346 2201 3414 tri·

231 3443 388 3539 plici
408 3440 609 3512 modo
629 3439 718 3511 est
734 3438 1227 3514 considerandus
1253 3491 1275 3523 ‚
1323 3440 1753 3515 Mathematice
1774 3492 1795 3523 ‚
1820 3441 2201 3527 Naturaliter,

235 3541 313 3607 &
340 3525 707 3633 Apparenter}
778 3539 1079 3606 Horizon
1099 3533 1569 3606 Mathematicus
1588 3589 1608 3614 ‚
1646 3532 1965 3604 intellectu
1992 3536 2198 3629 magis

232 3654 435 3728 quam
475 3627 684 3698 oculis
719 3628 1306 3729 comprehenfibilis
1330 3680 1353 3712 ,
1398 3626 1630 3698 dividit
1669 3627 1894 3698 caelum
1933 3629 2000 3694 in
2040 3624 2197 3697 duas

232 3745 452 3833 partes
470 3721 730 3819 praeeise
754 3717 1472 3826 aequales,apparentem
1492 3745 1724 3818 nempe
1749 3719 2143 3800 &latentem
2159 3749 2193 3830 ,ἱ
2279 3793 2282 3796 ,

232 3818 494 3918 ejusque
538 3814 686 3918 Peli
712 3786 853 3894 sunt
890 3818 1127 3922 zenith
1173 3822 1249 3890 se
1270 3817 1535 3924 Naair,
1579 3817 1657 3922 aa
1696 3811 2201 3976 magma-1393

167 3936 172 3941 .
842 3938 857 3950 ,
2133 3926 2202 3977 m
