2666 4469
2010 217 2125 292 283⁴

520 325 1741 462 capvffr'pnruvm

402 552 538 635 De
595 509 865 634 ordine
927 529 1403 666 Sphaer'arum‘
1456 531 1883 686 caelestium.
1991 670 2007 682 ί

418 774 567 851 ,6ιρ
610 753 687 822 N
737 752 936 846 priori
996 772 1176 846 perte
1236 753 1663 849 explicuimus
1705 779 1821 852 per
1865 753 2121 860 globos-

514 858 576 947 ξῖ
610 844 896 941 vulgares
934 867 970 930 ,‘
1010 849 1352 939 quomodo
1395 872 1510 944 per
1551 850 1930 945 hypothehn
1972 872 2118 925 ter·
2191 922 2196 928 .

606 964 692 1010 rae
740 938 1090 1016 immobilis
1112 998 1134 1023 ,
1165 943 1347 1035 juxta
1383 965 1665 1018 mentem
1724 946 2102 1034 Ptolemaei,

205 1104 226 1125 μ
488 1046 562 1128 {vg
604 1038 825 1106 omnia
848 1086 872 1119 ‚
916 1053 1066 1128 (με
1095 1039 1162 1103 in
1206 1057 1373 1105 terra
1409 1037 1793 1132 degentibus
1833 1039 1917 1110 de
1940 1042 2101 1113 caelo

177 1130 257 1191 ’Ἢ
378 1185 383 1186 f
487 1126 553 1181 ‘¹2'
602 1147 915 1225 apparent
938 1178 958 1212 ,
1009 1130 1387 1223 contingere
1455 1133 1804 1206 videantur.
1873 1139 1949 1203 In
2012 1133 2100 1207 se-

140 1225 353 1295 cunda
375 1247 516 1318 ·per
559 1246 757 1293 novas
800 1223 913 1293 has
959 1218 1227 1317 sphaeras
1268 1220 1601 1298 ostendere
1644 1226 2042 1298 decrevimus
2070 1279 2119 1315 „

138 1341 266 1414 qua
290 1322 538 1390 ratione
558 1316 779 1389 eadem
802 1339 914 1413 per
935 1334 1168 1390 terram
1194 1316 1507 1396 mobilem
1538 1320 1721 1412 juxta
1757 1323 2117 1415 genuinam,

136 1413 178 1482 h
227 1412 518 1509 pothefin
567 1412 1056 1506 Copernicaeam
1080 1462 1102 1494 ,
1153 1412 1218 1480 in
1257 1414 1349 1481 rei
1384 1413 1651 1483 veritate
1687 1415 2096 1509 contingant.

137 1440 379 1579 Vyerum
400 1527 469 1578 ut
489 1506 719 1577 reecius
738 1504 911 1575 dicta
942 1503 1156 1574 nostra
1188 1508 1623 1603 percipiantur
1644 1559 1668 1593 ,
1705 1527 1855 1578 ante
1873 1512 2096 1581 omnia

134 1602 429 1673 ordinem
451 1598 828 1697 sphaerarum
851 1596 1189 1680 caelestium
1214 1652 1236 1685 ‚
1277 1619 1480 1696 prout
1517 1601 1555 1671 a
1600 1608 1887 1700 Copmu'co
1906 1601 2017 1674 lib.
2053 1628 2091 1674 t

133 1702 566 1768 Revolutionum
603 1719 748 1790 cap.
795 1719 878 1764 10
911 1690 1291 1764 describitur
1312 1747 1335 1780 ‚
1381 1715 1518 1764 tum
1557 1699 1632 1766 δε
1669 1694 2098 1769 constructio-

136 1809 283 1860 nem
308 1786 686 1884 sphaerarum
707 1803 1064 1880 earumque
1077 1791 1353 1880 partium
1377 1841 1399 1873 ,
1439 1789 1717 1863 breviter
1739 1791 2092 1880 trademus,

135 1903 330 1975 atque
353 1885 518 1953 inter
538 1882 600 1951 se
620 1880 1047 1952 conferemus.
1095 1882 1289 1951 Ordo
1322 1877 1703 1975 sphaerarum
1747 1884 2090 1958 caelestium

134 1976 280 2046 talis
302 1974 429 2043 est:
466 1977 672 2066 prima
694 1996 769 2043 ac
789 1971 1075 2066 suprema
1090 1972 1179 2060 est
1206 1972 1520 2044 stellarum
1541 1975 1812 2046 fixarum
1838 2030 1860 2062 ,
1949 2001 2092 2048 ror·-

134 2068 235 2139 firs
259 2065 611 2138 immobilis
632 2118 654 2151 ‚
703 2065 784 2135 ad
804 2085 998 2160 quam
1033 2088 1247 2136 motus
1267 2065 1812 2162 aedispofitiones
1831 2000 2095 2148 orbium

135 2163 544 2237 Planetarum
580 2158 992 2229 conferuntur
1018 2166 1091 2245 δε
1110 2162 1570 2231 examinantur.
1623 2162 1837 2257 Qod
1874 2179 2090 2241 autem

74 2344 78 2348 ⁵
135 2254 428 2328 nonnulli
456 2254 812 2327 existimant
837 2307 857 2339 ‚
903 2274 1047 2326 eam
1079 2256 1218 2326 alio³
1240 2277 1328 2350 qu
1428 2278 1509 2344 ue
1523 2255 1726 2329 modo
1747 2257 2100 2333 tardiffime

134 2354 547 2450 promoveri,
595 2370 789 2445 atque
828 2349 980 2443 hinc
1014 2351 1245 2441 mutari
1279 2348 1390 2421 stel
1412 2373 1590 2422 arum
1625 2352 1755 2425 lon
1785 2353 2088 2443 itudines,

130 2448 201 2518 id
219 2446 485 2544 quidem
508 2445 648 2515 fieri
669 2441 850 2541 poffe‘
867 2466 997 2515 non
1022 2468 1329 2540 negamus
1346 2499 1368 2532 ,
1389 2468 1608 2518 verum
1629 2452 1694 2518 in
1756 2446 2097 2544 estriptio-'

130 2568 211 2613 ne
231 2561 452 2611 motus
468 2560 680 2621 terrae,
721 2539 906 2609 aliam
927 2538 1221 2610 dabimus
1239 2539 1487 2613 caulam
1509 2594 1532 2630 ,
1575 2565 1690 2639 per
1708 2566 1902 2641 quam
1922 2567 2085 2639 pro*¹

130 2637 404 2710 habilius
424 2635 492 2704 id
515 2635 705 2706 nobis
727 2632 864 2704 fieri
889 2634 1200 2710 videatur.
1412 2707 1427 2723 ,

220 2738 396 2801 Intra
424 2730 746 2824 Sphaeram
781 2727 1091 2797 stellarum
1113 2728 1383 2799 fixarum
1408 2782 1430 2813 ‚
1476 2728 1672 2799 orbes·
1732 2732 2087 2803 lanetamm

130 2826 260 2896 hoc
297 2822 527 2911 ordine
571 2820 1214 2913 comprehenduntur.
1262 2822 1518 2892 Primus
1559 2827 1633 2891 δε
1720 2828 1818 2893 xis
1860 2826 2091 2918 proxi-³

130 2934 271 2991 mus
290 2914 579 2987 estorbis
601 2917 886 2994 Summi,
933 2917 1043 3007 qui
1086 2916 1250 2984 intra
1290 2938 1496 2984 annos
1533 2917 1794 3009 triginta
1832 2914 2083 3005 cursum

129 3013 308 3086 suum
329 3005 645 3081 absolvit:
689 3006 992 3081 secundus
1037 3010 1211 3092 Iovis
1236 3059 1256 3093 ,
1293 3007 1474 3101 eujus
1506 3008 2084 3104 motus'perficitur

130 3111 312 3179 annis
332 3103 678 3175 duodecim
704 3125 724 3170 t
765 3105 989 3193 tertius
1002 3103 1260 3189 MartiS‚
1285 3106 1464 3198 cujus
1486 3123 1709 3174 motus
1730 3100 2083 3177 absolvitur

128 3204 309 3274 annis
327 3197 627 3270 duobus:
669 3208 933 3293 quartus
976 3198 1223 3292 peragit
1266 3194 1519 3268 cursum
1549 3196 1725 3269 stium
1770 3201 1932 3269 intra
1961 3224 2079 3293 arr-7·

126 3319 283 3368 num
307 3292 671 3379 naturalem,
692 3298 766 3361 &
787 3294 854 3361 in
872 3315 957 3362 eo
971 3313 1138 3363 terra
1155 3289 1330 3361 fimul
1355 3314 1503 3361 cum
1526 3294 1709 3379 Luna
1730 3293 1758 3385 (
1773 3317 1915 3389 quae
1934 3312 2079 3385 tan·

127 3413 326 3490 quam
363 3390 428 3457 in
466 3386 781 3482 Epicyclo
820 3390 991 3458 circa
1009 3409 1151 3456 eam
1171 3382 1425 3482 {iugulis
1458 3384 1681 3459 diebus
1718 3404 1844 3489 29}
1884 3404 2075 3476 unam

123 3490 398 3569 abiblv‘it
416 3493 931 3586 converfionem)
991 3492 996 3497 ’
1037 3516 1068 3563 r
1088 3488 1453 3564 Zodiacum'
1468 3520 1473 3523 ·
1487 3494 1950 3572 circumfertur.
1996 3492 2076 3564 In

122 3597 360 3688 quinto
405 3588 569 3658 orbe
614 3610 907 3661 movetur
1011 3611 1165 3659 enus
1194 3642 1217 3674 ‚
1263 3588 1582 3685 unamque
1624 3592 2072 3667 circuitionem

124 3687 381 3782 perficit
421 3684 590 3754 intra
629 3682 867 3756 menses
904 3706 1159 3755 novem.
1199 3687 1273 3753 In
1301 3679 1487 3754 ,sexto
1513 3687 1586 3767 &
1607 3683 1743 3755 Soli
1814 3684 2072 3753 roximo'

87 3848 90 3851 ,
120 3781 397 3862 vertatur
417 3780 807 3870 Mercurius,
822 3799 1098 3874 eumque
1114 3780 1425 3945 ptereurrit
1440 3774 1672 3856 diebus
1821 3778 2071 3937 oogintae

311 3878 318 3909 :
1235 3892 1281 3942 2
1680 3914 1685 3920 ·
1891 3887 2070 3938 mnes
