2666 4469
370 224 581 286 PER
649 213 1134 285 TERRAM
1198 224 1955 289 1MMon11213M.
2082 207 2258 295 π’

282 324 389 395 Ad
408 321 933 420 cognoscendum
972 318 1272 392 occasum
1292 321 1482 393 stellae
1500 323 1964 417 Acronychum
1986 381 2006 407 ‚
2044 349 2165 419 ap·

241 445 365 490 one
384 443 524 488 earn
545 418 885 487 horizonti
899 417 1183 486 occiduo
1201 473 1219 497 ,
1252 421 1326 485 &
1349 416 1589 511 respice
1610 421 1755 513 quis
1777 416 2013 514 gradus
2037 420 2164 487 Ec·-

190 440 425 608 lipticae
445 512 707 607 stringat
747 512 842 580 ibi
868 510 1279 581 horizontem
1306 563 1327 597 ,
1378 514 1630 606 eritque
1658 535 1695 604 5
1719 512 2106 609 Capricorni
2132 519 2159 596 3

190 630 380 702 quem
403 606 516 676 Sol
542 624 826 696 occupat
848 601 953 673 die
972 608 1063 673 26
1085 605 1495 688 Decembris,
1522 628 1657 701 quo
1681 626 1980 701 tempore
2018 604 2163 677 stel-

187 702 247 771 la
286 700 393 770 ista
437 699 683 768 occidit
706 697 1031 769 Chronice
1051 731 1072 784 3
1120 700 1356 793 gradus
1394 699 1728 794 oppofitus
1775 723 1812 792 5
1864 700 2103 770 Cancri
2129 753 2156 787 ,

187 818 383 888 quem
406 791 519 863 Sol
558 795 877 887 invenitur
898 808 1008 886 per
1033 792 1458 888 praecedentia
1493 792 1789 865 obtinere
1810 794 1916 865 die
1935 803 2031 870 26
2052 801 2158 867 Iu-

186 893 304 971 nii,
325 884 592 982 quando
616 884 787 955 stella
804 886 1055 957 occidit
1081 884 1409 956 Cosmi'ce.

282 988 471 1052 Ortus
534 978 723 1049 stellae
788 983 1066 1050 Heliacus
1133 981 1159 1071 (
1184 983 1298 1072 qui
1351 982 1568 1073 potius
1628 982 1971 1077 Apparitio
2017 982 2152 1056 diei

184 1077 414 1170 queat)
463 1071 540 1142 fit
563 1126 583 1156 ,
625 1072 886 1165 quando
908 1071 1077 1140 stella
1097 1095 1241 1165 quae
1260 1092 1445 1140 antea
1467 1073 1560 1141 ob
1579 1077 1839 1144 nimiam
1860 1077 2028 1147 Solis
2051 1075 2154 1150 vil·

184 1172 426 1239 ciniam
452 1171 524 1235 &
547 1165 896 1235 claritatem
916 1222 934 1246 ,
963 1184 1099 1233 erat
1118 1160 1528 1256 inconspicua
1549 1201 1571 1248 5
1593 1166 1684 1233 ob
1705 1166 2006 1238 recessum
2028 1173 2156 1241 So·
2220 1185 2266 1240 Χ

61 1281 105 1348 ᾖ
183 1263 264 1333 lis
288 1266 351 1331 in
372 1261 688 1354 Ecliptica
708 1260 979 1352 emergit
995 1282 1076 1328 ex
1097 1257 1289 1328 radiis
1310 1259 1448 1349 ejus
1470 1310 1491 1340 ,
1547 1279 1737 1351 atque
1761 1263 1848 1335 ita
1867 1259 2017 1330 visui
2037 1262 2152 1332 de..

185 1360 449 1451 tegitur.
498 1359 662 1441 Haec
683 1374 837 1421 vero
859 1350 1169 1423 stellarum
1189 1354 1511 1446 apparitio
1546 1354 1611 1421 in
1635 1375 1756 1420 una
1801 1356 1988 1422 citius
2029 1356 2105 1424 fit
2130 1369 2157 1440 3

185 1475 379 1546 quam
400 1454 465 1521 in
484 1448 623 1529 alia,
650 1470 771 1542 pro
790 1444 1030 1520 diversa
1050 1469 1271 1518 earum
1297 1446 1758 1541 magnitudine.
1788 1447 1998 1517 Stellae
2020 1453 2160 1544 pri-

136 1573 157 1581 ·
185 1550 271 1615 mi
312 1547 574 1615 honoris
595 1566 674 1612 ex
713 1546 1047 1612 communi
1088 1538 1391 1612 sententia
1432 1540 1819 1638 deteguntur
1866 1565 2013 1614 cum
2036 1541 2157 1614 Sol

186 1664 270 1708 12
311 1638 617 1733 gradibus
659 1634 974 1707 demersus
997 1637 1089 1707 est
1128 1635 1291 1707 infra
1336 1634 1747 1707 horizontem
1788 1639 1855 1710 in
1901 1636 2152 1708 circulo

179 1735 463 1806 verticali
485 1764 505 1816 3
559 1731 807 1801 secundi
824 1732 1071 1801 ordinis
1092 1789 1112 1814 ,
1158 1755 1307 1801 cum
1331 1731 1445 1802 Sol
1484 1757 1563 1824 13
1591 1730 1895 1827 gradibus
1921 1730 2010 1802 est
2030 1731 2147 1828 sub

180 1828 573 1908 horizonte3
618 1827 788 1893 tertii
809 1849 958 1894 cum
985 1848 1114 1915 143
1153 1826 1365 1920 quarti
1384 1849 1533 1896 cum
1563 1849 1642 1916 15
1674 1877 1696 1911 ‚
1739 1829 1811 1894 δε
1833 1825 1919 1895 fic
1939 1839 2146 1922 porro

180 1917 379 2014 usque
402 1919 487 1989 ad
515 1923 625 1998 16,
663 1942 768 2001 17,
798 1920 876 1985 18
902 1917 1164 2010 gradus·
1469 1929 1480 1940 ⁸

272 2014 525 2115 Occasus
564 2007 832 2078 Heliacus
874 2008 1059 2077 stellae
1099 2010 1261 2103 (qui
1298 2014 1505 2081 verius
1526 2010 1882 2078 occultatio
1904 2011 2155 2080 dicere-

186 2107 337 2197 tur)
392 2107 469 2171 ht
499 2155 519 2185 ,
563 2099 825 2192 quando
864 2099 1032 2170 stella
1069 2123 1213 2195 quae
1250 2124 1399 2172 ante
1441 2104 1534 2173 ob
1579 2100 1935 2173 distantiam
1978 2100 2154 2175 suam

183 2203 220 2269 ὲ
242 2197 398 2270 Sole
434 2193 580 2266 fitis
602 2192 805 2288 adhuc
846 2214 982 2265 erat
1009 2195 1349 2292 conspicua
1375 2200 1447 2268 δε
1479 2195 1744 2278 lucens3
1792 2200 2152 2292 appropin-

181 2314 425 2388 quante
447 2289 598 2361 Sole
622 2312 734 2382 per
770 2310 1022 2358 motum
1045 2293 1109 2360 in
1132 2289 1439 2385 Ecliptica
1485 2289 1677 2362 radiis
1696 2287 1829 2386 ejus
1868 2287 2149 2362 offusca-

179 2409 308 2470 tur,
334 2407 541 2480 neque
561 2382 827 2477 amplius
851 2383 945 2452 ob
967 2384 1362 2478 splendorem
1384 2389 1546 2457 ae'ris
1569 2406 1870 2481 apparet:

271 2483 376 2551 Ad
415 2476 862 2550 inveniendum
887 2500 1105 2548 ortum
1124 2479 1462 2550 Heliacum
1502 2478 1767 2575 alicujus
1790 2478 1979 2552 stellae
2001 2532 2023 2565 ‚
2072 2500 2145 2565 ut

179 2581 434 2653 Araura·
471 2573 553 2644 ad
574 2572 977 2643 latitudinem
1002 2572 1341 2655 ,borealem
1382 2574 1696 2669 graduum
1722 2574 1891 2673 52}'‚
1934 2574 2148 2671 globo

182 2674 274 2739 ita
293 2670 541 2739 ele'vato
561 2666 828 2737 advolve
848 2671 1174 2738 Arbiurum
1213 2669 1542 2738 horizonti
1565 2672 1803 2750 ortiv0,
1830 2670 2145 2749 circulum

180 2762 546 2835 verticalem
571 2762 801 2831 Zenith
822 2760 1075 2829 affixum
1097 2761 1381 2831 occiduo
1407 2815 1426 2845 ,
1478 2766 1554 2830 δε
1596 2785 1708 2856 per
1726 2768 1873 2830 eum
1896 2763 2147 2852 inquire
2223 2812 2228 2817 -

183 2861 329 2949 quis
369 2857 602 2951 gradus
628 2854 954 2947 Eclipticae
982 2878 1064 2921 12
1133 2853 1390 2923 radibus
1421 2853 1704 2924 elevetur
1744 2852 1929 2944 supra
1962 2852 2146 2932 hori-2

182 2972 446 3021 zontem
491 2951 691 3043 (quia
730 2950 1022 3017 Artslur‘us
1060 2970 1096 3015 e
1121 2947 1149 3016 i:
1171 2945 1339 3016 stella
1378 2950 1599 3041 primae
1630 2947 2141 3041 magnitudinis)

188 3049 265 3113 &
302 3048 573 3115 invenies
603 3067 679 3110 11
709 3038 979 3137 gradum
1000 3042 1260 3109 Arietis.
1327 3043 1402 3110 Ei
1427 3038 1756 3137 o'ppofitus
1795 3066 1875 3111 11
1901 3038 2139 3136 gradus

183 3138 439 3219 Librae3
488 3161 568 3206 12
606 3134 913 3230 gradibus
954 3132 1166 3206 subter
1190 3132 2001 3232 horizontemdepreffm,
2045 3133 2137 3205 est

178 3233 371 3304 locus
392 3230 555 3301 Solis
594 3254 739 3303 cum
773 3252 913 3322 quo
950 3225 1117 3298 stella
1157 3231 1363 3298 oritur
1385 3230 1668 3300 Heliace.
1735 3235 1931 3300 Hunc
1972 3238 2136 3324 ergo

180 3349 403 3419 quaere
418 3322 482 3416 in
501 3324 863 3410 horizonte,
895 3328 966 3393 &
990 3323 1253 3395 habebis
1275 3320 1636 3420 appofitum
1656 3345 1708 3418 4·
1725 3325 1896 3396 di'em
1918 3326 2136 3396 octo-4

180 3422 348 3512 bris,
377 3443 497 3515 pro
517 3438 805 3508 tempore
825 3424 970 3490 anni
991 3415 1276 3513 quaefito.
1332 3482 1340 3507 .÷
1463 3502 1468 3505 ,
1635 3480 1644 3498 ,.
2098 3503 2101 3506 ἢ

276 3512 599 3585 Occasum
618 3513 949 3587 Heliacum
968 3515 1246 3593 invenies
1263 3514 1347 3583 ad
1364 3512 1584 3583 locum
1604 3512 1819 3587 datum
1837 3572 1858 3597 ,
1906 3512 1953 3584 fi
1994 3517 2138 3584 Ar-g

171 3614 408 3682 §lurum
443 3605 790 3699 adjunxeris
813 3608 1137 3681 horizonti
1159 3607 1444 3678 occiduo
1464 3665 1485 3690 ,
1539 3614 1613 3679 δε
1637 3601 1746 3703 per
1767 3599 2135 3681 verticalem*

166 3701 610 3801 exploraveris
638 3698 916 3794 quisnam
938 3702 1266 3797 Eclipticae
1287 3703 1521 3797 gradus
1553 3728 1637 3773 12
1661 3703 1966 3797 gradibus
2003 3700 2136 3767 ele-³

168 3820 357 3873 vatus
398 3795 471 3867 fit
505 3793 686 3889 supra
705 3786 1105 3868 horizontem
1138 3793 1422 3959 οέεἰνιὰω
1449 3851 1471 3885 ,
1517 3800 1774 3891 quierit
1804 3818 1888 3866 10
1911 3792 2137 3888 Gemi-

1877 3899 2132 3951 norum.·
