2666 4469
489 217 595 285 '224
831 213 961 272 DE
1050 206 1263 273 VSV
1357 208 2136 283 SPHAERARVM

485 323 606 393 bus
629 320 894 412 impone
918 316 1229 388 circulum
1252 313 1587 411 pofitionis
1611 368 1631 400 ‚
1672 320 1745 385 &
1760 313 2001 389 secabit
2024 303 2081 391 is
2100 291 2500 418 eclipticam

484 420 552 485 in
596 410 796 509 gradu
819 437 906 492 27
931 466 949 499 ,
990 417 1141 481 min.
1167 437 1207 497 9
1250 412 1676 482 Geminorum
1702 464 1722 497 ‚
1774 434 1898 505 pro
1938 410 2197 511 cuspide
2234 419 2501 493 domus

486 508 914 579 duodecimae.
986 508 1415 575 Horizontem
1455 504 1709 574 obtinet
1737 506 1986 599 vgradus
2010 532 2096 601 25
2124 564 2144 595 ‚
2191 517 2350 583 min.
2388 518 2493 586 28

490 602 726 672 Cancri
750 654 770 685 ,
821 624 944 695 pro
983 598 1356 695 horoscopo
1395 592 1502 667 seu
1536 596 1721 693 figno
1763 597 2141 675 ascendente
2185 610 2495 680 &initio
2574 621 2581 629 '

490 695 723 766 domus
751 698 993 787 primae.

579 791 883 883 Repertis
921 784 1028 857 sex
1049 784 1356 857 domibus
1386 808 1531 880 quae
1577 781 1898 856 versantur
1932 787 2117 884 supra
2157 792 2488 871 horizon-
2544 827 2549 844 ¹
2602 809 2603 818 ’

489 903 666 967 tem,
719 878 823 952 sex
863 881 1025 950 infra
1064 897 1212 951 eum
1236 879 1596 951 constitutae
1622 879 2102 973 cognoscuntur
2149 909 2261 980 per
2300 887 2482 982 figna

484 976 808 1072 prioribus
843 974 1167 1070 oppofita.
1233 978 1367 1044 Pro
1397 971 1653 1066 cuspide
1686 974 1922 1045 domus
1965 977 2248 1073 septimae
2269 987 2479 1053 versa-

487 1091 589 1140 tur
627 1075 694 1140 in
728 1070 1071 1139 horizonte
1111 1069 1396 1138 occiduo
1414 1067 1646 1163 gradus
1672 1093 1760 1161 25
1793 1122 1814 1156 ,
1860 1071 2085 1139 minut.
2118 1074 2205 1142 28
2236 1073 2474 1169 Capri-

485 1168 696 1234 corni.
768 1166 899 1235 Pro
935 1167 1123 1234 initio
1167 1185 1408 1258 quartae
1444 1162 1558 1233 sub
1595 1162 1941 1233 horizonte
1971 1216 1991 1247 ‚
2041 1167 2469 1240 meridianum

485 1276 662 1329 tenet
682 1256 866 1351 grad.
892 1263 984 1326 26
1004 1311 1025 1345 ‚
1049 1261 1205 1327 min.
1229 1264 1320 1348 46
1344 1258 1625 1353 Virginis
1655 1289 1676 1341 ς
1729 1263 1805 1327 &
1831 1256 2113 1328 fimiliter
2133 1284 2259 1357 pro
2279 1286 2474 1333 caete-

484 1357 571 1434 ris
598 1407 617 1438 ,
664 1373 860 1446 prout
878 1357 941 1422 in
963 1351 1357 1448 problemate
1398 1375 1448 1422 L
1468 1378 1498 1421 1
1528 1377 1559 1419 1
1586 1376 1616 1420 1
1666 1356 1862 1446 partis
1886 1354 2111 1449 primae
2150 1358 2217 1423 in
2239 1355 2475 1428 tabella

486 1447 705 1517 videre
733 1446 844 1516 est.
2296 1493 2301 1496 -

579 1546 701 1610 His
751 1542 1025 1611 inventis
1065 1537 1353 1613 describe
1396 1539 1444 1611 fi
1491 1545 1668 1610 uram
1717 1538 2018 1610 caelestem
2045 1589 2066 1623 ‚
2111 1541 2298 1634 juxta
2330 1568 2480 1614 mo-

486 1634 640 1704 dum
663 1634 1065 1729 problemate
1106 1658 1155 1704 L
1185 1661 1213 1703 1
1241 1662 1274 1704 1
1304 1662 1336 1703 1·
1375 1633 1440 1704 di
1512 1638 1779 1729 aepartis
1805 1633 2122 1702 traditum.
2201 1638 2281 1705 Ei
2308 1662 2484 1707 vero

487 1748 560 1798 ut
594 1730 886 1822 imponas
914 1727 1201 1798 Planetas
1225 1782 1246 1814 ,
1287 1750 1516 1822 quaere„
1530 1751 1644 1822 per
1680 1752 1726 1799 L
1749 1755 1778 1798 1
1807 1754 1836 1796 1
1864 1726 2212 1821 ‚problema
2257 1737 2483 1823 partis

490 1827 714 1919 primae
762 1821 905 1891 loca
951 1819 1233 1916 ipsorum
1274 1826 1339 1891 in
1363 1821 1523 1892 caelo
1551 1875 1572 1907 ‚
1620 1821 1703 1891 ad
1726 1843 1974 1915 tempus
2014 1822 2474 1916 propofitum,

492 1921 571 1985 &
614 1921 895 1988 invenies
934 1939 1010 1987 ea
1046 1915 1204 1987 ficut
1248 1918 1510 1989 exhibet
1548 1916 1776 1990 tabella
1814 1920 2012 2014 partis
2055 1921 2274 2011 primo:
2315 1941 2471 2016 pag.

489 2018 653 2081 116.
1390 2031 1395 2036 ’
1958 2059 1961 2062 -
2082 2051 2087 2054 -
2233 2029 2237 2034 ’
2300 2059 2308 2074 2

582 2109 757 2175 Tum
797 2127 912 2199 per
957 2126 1006 2175 L
1047 2103 1383 2199 problema
1429 2106 1625 2200 partis
1666 2106 1851 2201 hujus
1883 2105 2133 2178 colloca
2174 2104 2472 2177 Planetas
2602 2131 2603 2188 3

488 2199 613 2273 suis
646 2200 812 2271 locis
839 2204 906 2270 in
929 2198 1199 2294 quhaera,
1248 2211 1326 2269 ac
1351 2200 1498 2271 vide
1517 2221 1808 2294 quaenam
1831 2217 2156 2297 occupent
2190 2201 2470 2271 domici·

489 2296 573 2366 lia
595 2349 616 2381 ‚
647 2293 952 2366 invenies
991 2316 1068 2363 ue
1086 2291 1199 2362 sub
1224 2292 1569 2364 horizonte
1591 2299 1836 2365 Lunam
1861 2300 1936 2364 &
1959 2302 2240 2366 Martem
2258 2299 2327 2364 in
2347 2293 2473 2363 do-
2602 2346 2603 2389 ¹

490 2415 607 2459 mo
628 2410 855 2482 quarta
878 2441 899 2475 ,
985 2410 1241 2457 enerem
1262 2440 1282 2471 ‚
1307 2391 1707 2459 Mercurium
1732 2391 2170 2467 &Saturnum
2196 2393 2261 2459 in
2282 2394 2472 2484 quin·
2602 2452 2603 2467 ἢ

488 2503 576 2562 ta,
601 2483 817 2551 Solem
841 2485 906 2549 in
928 2478 1121 2548 sexta.
1198 2484 1402 2582 Supra
1424 2482 1835 2552 horizontem
1853 2534 1874 2565 ‚
1924 2492 2145 2555 Iovem
2171 2487 2461 2555 innoua.

489 2572 791 2667 Singulos
811 2592 974 2669 ergo
993 2570 1261 2664 dispone
1281 2578 1402 2640 iuis
1423 2574 1585 2643 locis
1619 2581 1683 2643 in
1705 2577 1908 2670 figura
1928 2576 2158 2645 caelesti
2187 2604 2223 2660 ,·
2267 2583 2344 2647 &
2368 2577 2474 2647 ha·

488 2668 676 2743 bebis
721 2664 907 2737 fitum
949 2662 1092 2735 caeli
1134 2665 1551 2761 undiquaque
1595 2667 1907 2762 praedi&o
1971 2674 2259 2764 tempori
2309 2694 2466 2743 con-

487 2782 849 2860 gruentem.
2600 2716 2603 2939 1

536 3103 978 3204 Depraeceffione
997 3108 1447 3203 aequinofiiorum
1464 3164 1486 3190 ,
1522 3130 1618 3203 per
1634 3132 1812 3202 quam
1827 3106 2144 3203 [lellaefixae
2163 3108 2430 3180 videntur

1055 3203 1231 3296 suam
1247 3224 1470 3272 mutam
1487 3200 1905 3302 longitudinem.
2042 3257 2045 3263 .

253 3348 448 3474 1:22:
511 3331 647 3487 T
675 3325 1242 3505 εεεεεὲεεῖ
1266 3328 2462 3515 εεεεεεεεεεεεεεεεῑ
2594 3412 2604 3559 ,

476 3516 776 3589 'cundum
817 3508 1290 3605 longitudinem
1326 3509 1685 3584 versabatur
1726 3517 1790 3583 in
1813 3513 1941 3609 ipsa
1963 3513 2242 3586 sectione
2272 3518 2457 3611 aequi·

496 3613 701 3685 noffii
716 3608 893 3680 verni
911 3658 932 3691 ‚
956 3603 1059 3675 seu
1081 3609 1403 3701 principio
1422 3609 1658 3678 Arietis
1681 3641 1704 3694 3
1742 3630 1885 3703 quae
1905 3608 2046 3704 post
2071 3632 2202 3700 520
2220 3634 2422 3681 annos
2436 3661 2457 3695 ,

499 3728 793 3803 tempore
829 3698 1169 3773 Ptolemaei
1205 3704 1269 3769 in
1315 3699 1540 3772 eadem
1565 3701 1916 3797 'latitudine
1960 3703 2230 3775 distabat
2275 3707 2360 3777 ab
2390 3727 2466 3772 aa·

498 3801 837 3903 quinoffio
881 3799 948 3870 in
989 3793 1392 3894 longitndine
1435 3795 1577 3894 plus
1622 3818 1816 3892 quam
1863 3798 2166 3896 gradibus
2216 3827 2259 3886 7
2302 3803 2469 3964 ‚stssc

1457 3953 1460 3956 ,
1718 3949 1725 3956 .
2248 3918 2333 3966 no
2392 3917 2476 3964 ro

891 2943 1126 3022 LII.
1239 2951 2074 3022 PROBLEMA.
2598 2952 2604 3267 γ
