2666 4469
462 183 550 250 ,ιο
858 174 1307 235 n.13.vsv
1406 170 2081 236 GLoBonM

458 255 467 266 r
652 255 896 368 Cosmice
911 269 982 350 de
1001 271 1182 343 cendit
1186 275 1248 361 st
1280 295 1421 344 num
1441 270 1589 365 quod
1603 259 1865 341 Chronice
1875 272 2057 371 surgit
2079 321 2101 353 ,

652 369 927 438 Chronice
994 365 1227 457 sc‘endit,
1266 391 1462 462 tgnum
1520 364 1629 440 uod
1648 366 1891 459 Cosmice
1891 365 2094 463 surgit.
2223 447 2227 452 ,
2305 452 2308 456 y

575 458 791 551 Qod
855 480 1066 530 tamen
1113 460 1178 526 in
1226 456 1411 527 stellis
1458 392 1606 527 fixis
1648 457 1843 552 longe
1885 457 2065 527 aliter
2104 455 2174 527 se<
2210 456 2431 531 habet.

358 631 366 636 ,
483 547 666 623 Nam
690 550 875 623 stellae
901 605 922 637 ‚
969 574 1237 646 quarum
1259 550 1533 622 latitudo
1554 550 1638 620 ab
1660 552 1974 646 Ecliptica
1994 551 2083 623 est
2107 549 2382 624 borealis
2401 583 2430 639 3

485 653 564 717 δε
583 669 724 740 quae
748 644 1048 717 Cosmice
1073 697 1094 730 ‚
1143 643 1272 714 hoc
1291 643 1382 713 est
1406 698 1446 738 ,ᾗ
1466 668 1617 714 cum
1637 644 1789 715 Sole
1804 647 2118 731 oriuntur,
2143 649 2205 714 in
2232 643 2436 741 sphae-

480 764 551 809 ra
573 741 864 833 obliqua,
889 741 1069 833 cujus
1094 739 1286 827 Polus
1306 740 1539 808 boreus
1566 739 1706 832 plus
1731 738 2047 844 attollitur
2067 747 2257 834 quam
2278 764 2434 811 arcu

481 836 785 905 inaximae
815 833 1262 902 declinationis
1310 831 1479 901 Solis
1518 833 1602 904 ab
1641 852 1970 927 aequatore
1994 886 2015 919 ‚
2081 858 2211 902 non
2251 831 2435 905 fimul

481 952 629 998 cum
670 922 823 998 Sole
860 926 1171 997 occidunt
1222 925 1593 1011 Chronice‚
1641 924 1746 997 sted
1776 925 1971 1022 longe
2013 926 2153 1022 post
2191 928 2430 998 Solem.

477 1024 563 1091 Et
583 1024 622 1093 ὲ
644 1023 972 1092 contrario
999 1073 1020 1105 ,
1067 1042 1209 1116 quae
1229 1020 1313 1094 ab
1339 1021 1654 1115 Ecliptica
1676 1017 1815 1089 fimt
1848 1021 2143 1100 australes
2167 1080 2186 1105 ,
2235 1024 2299 1093 in
2321 1018 2432 1091 tali

475 1115 730 1213 sphaerae
770 1115 1086 1208 positione
1110 1167 1132 1199 ‚
1181 1113 1400 1185 Solem
1427 1113 1805 1184 *occidendo
1847 1116 2233 1209 praecedunt.
2301 1116 2433 1185 Vbi

460 1207 638 1285 'vero
694 1209 881 1307 polus
951 1208 1175 1280 mundi
1216 1205 1497 1279 australis
1541 1210 1607 1276 in
1651 1225 1898 1278 tantum
1935 1208 2211 1282 elevatur
2250 1203 2432 1303 supra

425 1326 441 1346 ·
478 1305 893 1376 horizontem
918 1356 939 1391 ‚
1005 1303 1238 1398 prioris
1277 1300 1668 1378 habitudinis
1714 1300 2030 1374 stellarum
2069 1306 2239 1375 vices
2284 1305 2433 1399 pe'r'-

481 1419 832 1471 mutantur.

573 1496 865 1588 Tempus
906 1494 1052 1562 anni
1097 1511 1232 1585 quo
1269 1488 1514 1587 iignum
1549 1484 1812 1581 aliquod
1836 1484 2107 1559 Zodiaci
2132 1488 2435 1560 Cosmice

479 1588 734 1670 oritur,
779 1590 853 1653 δε
891 1584 1216 1654 Chronice
1255 1584 1546 1667 occidit,
1586 1581 1860 1675 exempli
1903 1579 2129 1669 causa³
2175 1586 2430 1655 initium

476 1683 740 1763 Leonis,
769 1699 839 1746 ut
856 1676 1196 1761 habeatur3
1222 1698 1437 1772 quaere
1457 1678 1519 1745 in
1542 1672 1905 1748 calendario
1923 1677 2285 1762 horizontis
2307 1680 2431 1747 ini·
2545 1713 2551 1717 ·

475 1776 639 1843 tium
662 1774 899 1842 Leonis
927 1824 948 1857 ‚
994 1774 1068 1840 δε
1105 1772 1383 1841 invenies
1406 1769 1443 1839 ἐ
1467 1772 1730 1866 regione
1750 1766 2028 1867 diem23
2052 1770 2241 1858 Iulii,
2290 1794 2429 1866 quo

472 1886 771 1961 tempore
795 1864 907 1936 Sol
950 1864 1193 1959 fignum
1232 1864 1395 1934 istud
1433 1867 1496 1933 in
1549 1862 1826 1950 reditur,
1872 1870 1948 1936 &
1984 1889 2135 1938 cum
2156 1887 2241 1955 eo
2263 1863 2450 1937 Coss·

476 1965 645 2034 mice
665 1963 894 2046 oritur,
924 1960 1383 2057 Chroniceque
1402 1886 1753 2029 deffendit.
2141 1978 2148 1983 ·

570 2051 866 2150 Ejusdem
911 2054 1069 2150 signi
1114 2075 1331 2148 ortum
1375 2053 1784 2124 Chronicum
1830 2058 1904 2125 δε
1939 2052 2237 2127 occasum
2262 2049 2431 2123 Cos-

475 2148 1052 2244 micumfiquaeras
1083 2181 1104 2234 ;
1151 2146 1324 2220 sume
1363 2148 1584 2222 locum
1626 2147 1961 2245 Eclipticae
1977 2154 2036 2221 ei
2061 2146 2428 2246 oppofitum

477 2245 505 2336 (
524 2249 635 2338 qui
658 2243 747 2312 est
767 2248 1151 2337 principium
1177 2246 1491 2336 Aquarii)
1531 2266 1609 2312 ex
1643 2243 2012 2334 „calendario
2052 2243 2431 2314 horizonta-

470 2337 519 2409 li
543 2387 563 2421 ‚
612 2341 686 2406 δε
723 2338 1000 2405 invenies
1045 2337 1411 2406 adauctam
1439 2333 1755 2405 effediem
1776 2360 1865 2404 20
1893 2340 2183 2407 Ianuarii.
2258 2340 2430 2428 Qo

469 2449 765 2524 tempore
788 2430 899 2499 Sol
922 2435 1104 2523 ingre
1155 2453 1227 2499 us
1251 2429 1515 2522 Aquarii
1540 2430 1923 2522 principium
1950 2482 1971 2515 ‚
2022 2427 2180 2499 facit
2217 2450 2285 2500 ut
2305 2432 2433 2499 ini-

467 2527 632 2595 tium
693 2526 929 2593 Leonis
975 2541 1115 2593 tum
1175 2521 1504 2610 Chronice
1547 2524 1792 2592 oriatur
1842 2527 1915 2591 &
1959 2524 2224 2595 occidat
2263 2522 2448 2597 Cos-*

473 2621 667 2688 mice.
1066 2621 1073 2629 ’
1877 2629 1893 2641 ·

555 2710 737 2784 Idem
757 2707 802 2779 fi
823 2708 1158 2805 explorare
1181 2709 1332 2782 velis
1356 2710 1419 2779 in
1446 2708 1613 2779 stella
1634 2731 1813 2781 extra
1853 2710 2231 2810 Eclipticam
2259 2710 2429 2806 posi·

469 2828 536 2879 ta
558 2861 578 2893 ‚
622 2827 690 2876 ut
711 2804 985 2902 exempli
1007 2804 1164 2875 loco
1183 2808 1248 2873 in
1285 2808 1539 2879 Ariluro
1558 2804 1638 2875 ad
1663 2808 1990 2877 civitatem
2029 2807 2430 2878 Amsteloda-

470 2899 768 2974 mensem.
835 2900 1061 2974 Globo
1102 2897 1184 2969 ad
1215 2897 1633 2969 elevationem
1672 2900 1816 2969 Poli
1845 2924 1929 2995 52
1952 2924 2051 2998 gr.
2103 2927 2188 2996 23
2214 2900 2421 2994 scrup.

472 2995 840 3089 compofito
862 3051 881 3076 ,
931 2996 1209 3088 adjunge
1255 2990 1490 3063 stellam
1510 2994 1838 3065 horizonti
1859 3001 2116 3076 ortiv0,
2167 2998 2240 3062 &
2278 2996 2427 3067 vide

470 3092 616 3185 quis
640 3089 966 3182 Eclipticae
986 3089 1219 3183 gradus
1243 3084 1419 3155 fimul
1442 3086 1854 3157 horizontem
1886 3093 2108 3159 contin
2158 3108 2223 3157 at
2262 3111 2282 3156 t
2325 3093 2426 3158 in·-

468 3181 806 3275 veniesque
852 3182 935 3275 30
976 3179 1247 3277 gradum
1293 3183 1597 3274 virginis,
1645 3205 1794 3251 cum
1835 3204 1970 3275 quo
2008 3181 2179 3251 stela
2217 3176 2424 3254 oritur

469 3273 795 3347 Cosmice.
865 3276 1155 3370 Tempus
1178 3291 1392 3342 autem
1415 3296 1551 3367 quo
1573 3273 1687 3347 Sol
1709 3276 1896 3346 istum
1914 3274 2186 3369 gradum
2209 3279 2422 3374 ingre-

466 3369 675 3452 ditur,
713 3365 979 3439 habetur
1003 3376 1113 3464 p‘er
1135 3366 1551 3463 praecedentia
1577 3422 1597 3454 ‚
1649 3368 1835 3439 &est
1856 3368 1991 3439 dies
2017 3395 2109 3441 22
2133 3372 2424 3466 Septem·

466 3463 624 3537 bris.
668 3462 923 3534 Gradus
947 3463 1277 3558 Eclipticae
1302 3459 1640 3557 oppofitus
1663 3515 1685 3549 ,
1732 3486 1964 3558 nempe
1990 3488 2075 3560 3o
2098 3462 2374 3545 Piscium
2394 3519 2417 3553 ,

466 3559 785 3630 invenitur
826 3560 863 3626 a
905 3557 1059 3629 Sole
1097 3557 1403 3651 occupari
1445 3554 1551 3626 die
1594 3582 1674 3643 19
1713 3560 1987 3628 Martii:
2031 3562 2143 3654 qui
2166 3579 2417 3656 tempus
2487 3569 2493 3572 ⁴

466 3652 737 3723 denotat
771 3652 1044 3822 §nando
1085 3649 1394 3725 maurus
1439 3647 1900 3731 Amstelod'ami
1941 3656 2228 3749 exoritur
2266 3673 2416 3726 ortu

465 3750 769 3846 Acronyc
815 3773 889 3845 0³.
2305 3786 2433 3916 Ad·
