2666 4469
380 240 593 304 PER
676 197 1169 302 mum
1250 236 2040 306 ιΜΜοΒῐιεΜ,
2128 235 2201 314 73

237 364 381 412 mus
400 363 527 437 qua
550 338 712 410 hora
744 335 812 406 id
829 336 945 407 fiat
996 334 1454 406 Amstelodami
1489 335 1575 406 ad
1596 334 1768 407 diem
1795 361 1831 429 5
1856 339 2197 414 O&obris.

240 435 476 507 Polum
522 457 592 504 er
638 457 684 504 o
730 430 1004 502 boreum
1047 432 1115 498 in
1153 429 1365 527 globo
1408 431 1839 503 accommoda
1858 433 2203 505 elevationi

237 526 616 602 PoliAmste
639 523 960 620 odamenfi
982 576 1007 611 ,
1048 525 1367 595 &locum
1400 525 1568 597 Solis
1591 528 1705 622 qui
1748 526 1862 597 illo
1883 528 1991 598 die
2030 527 2205 601 estin

240 647 328 692 12
352 622 565 692 Librae
591 673 612 707 ‚
662 618 941 715 adjunge
962 619 1317 690 meridiano
1340 678 1360 702 ,
1385 618 1797 716 iudicemque
1816 620 1994 693 horae
2021 649 2105 695 12
2123 621 2207 692 ad

232 716 513 802 ,austrum
540 739 561 783 ε
611 712 843 784 deinde
866 732 1168 786 converte
1192 713 1466 811 globum
1489 717 1554 784 in
1578 718 1896 788 orientem
1921 770 1943 804 ,
1987 717 2205 788 donec

287 811 470 881 radus
514 807 846 901 Eclipticae
887 806 1041 878 loco
1061 808 1228 880 Solis
1270 810 1309 880 ὲ
1328 808 1648 892 diametro
1669 809 2005 906 oppofitus
2032 866 2052 899 ,
2086 816 2202 908 qui

234 834 348 976 {ic
388 902 477 974 est
506 924 588 970 12
612 903 848 971 Arietis
871 954 894 987 ‚
939 906 1005 971 in
1048 902 1394 973 occidente
1423 900 1499 972 fit
1543 908 1609 973 in
1647 904 1892 976 circulo
1913 906 2201 979 verticali

242 998 324 1067 18
353 994 659 1093 gradibus
685 995 961 1066 elevatus
980 990 1163 1089 supra
1183 998 1634 1080 horizontem3
1658 1002 1871 1069 Locus
1894 1024 1965 1071 er
2011 1025 2055 1072 o
2072 1003 2202 1072 So·

234 1091 316 1161 lis
337 1094 461 1161 erit
500 1092 565 1157 in
586 1092 839 1159 oriente
880 1088 959 1156 18
986 1089 1292 1181 gradibus
1335 1087 1497 1157 infra
1517 1089 1925 1163 horizontem
1990 1094 2201 1189 epress·

237 1183 362 1257 sus.
430 1181 661 1253 Globo
684 1180 1005 1252 immobili
1027 1199 1369 1266 manente,
1402 1180 1651 1252 videbis
1694 1184 1969 1258 indicem
1990 1189 2205 1260 osten-

238 1279 396 1348 dere
420 1277 647 1347 horam
669 1301 717 1371 4
738 1329 759 1362 ‚
795 1274 996 1370 strup.
1023 1282 1119 1344 26
1143 1277 1519 1345 matutinam
1544 1327 1566 1359 ‚
1596 1274 1726 1345 hoc
1739 1276 1829 1346 est
1857 1329 1878 1363 ‚
1916 1280 2059 1375 post
2076 1305 2210 1353 me-

238 1374 418 1443 diam
441 1371 699 1442 noc'cem
718 1424 739 1457 ‚
790 1393 911 1464 pro
953 1372 1143 1440 initio
1166 1368 1449 1439 diluculi.
1519 1372 1693 1440 Dein
1737 1393 2044 1443 converte
2113 1374 2210 1444 lo-

238 1467 398 1539 bum
421 1522 442 1550 ,
488 1464 700 1538 donee
748 1490 833 1535 12
854 1464 1092 1561 gradus
1115 1468 1354 1536 Arietis
1404 1467 1470 1534 in
1511 1467 1762 1536 oriente
1789 1465 1875 1536 >ad
1897 1397 2209 1540 circulum

239 1559 605 1636 verticalem
648 1559 723 1634 fit
745 1561 975 1631 iterum
1004 1562 1082 1630 18
1107 1559 1415 1656 gradibus
1440 1556 1622 1666 supra
1644 1560 2058 1633 horizontem
2077 1562 2211 1636 ele·

164 1681 168 1686 ’
241 1675 420 1727 vatus
441 1708 464 1742 ‚
512 1660 585 1724 δε
606 1653 894 1725 ostendet
915 1653 1110 1726 index
1134 1658 1358 1726 horam
1381 1683 1422 1737 7
1443 1707 1464 1740 ‚
1496 1659 1703 1751 icrup.
1786 1678 1833 1749 4
1855 1656 1999 1752 post
2020 1661 2210 1729 meri-
2248 1669 2253 1678 '

239 1746 414 1821 diem
435 1801 458 1836 ,
505 1771 629 1844 pro
672 1761 968 1845 tempore
1004 1772 1141 1848 quo
1177 1750 1402 1823 definit
1441 1682 1880 1845 crepusculum
1898 1749 2212 1852 vesperti-⁴

240 1866 422 1917 num.

458 2009 1971 2104 „xxv1u.PRossnssMffl

305 2168 596 2265 Piplrrem
612 2183 797 2237 ortum
816 2166 1139 2261 occafiamve
1159 2164 1442 2264 stellarum
1467 2168 1859 2268 autfignorum
1876 2190 2012 2239 cum
2028 2172 2154 2243 Sole

484 2268 736 2358 reperm,
736 2265 928 2359 juxta
947 2260 1356 2358 defiriptionem
1369 2283 1621 2332 veterum
1632 2267 1963 2334 foetarum.

228 2428 358 2579 P
383 2419 578 2487 0&ae
594 2436 842 2489 veteres
866 2421 942 2485 &
962 2418 1050 2489 rei
1071 2414 1317 2489 rusticae
1342 2419 1710 2513 Scriptores
1733 2470 1754 2504 ‚
1803 2418 2210 2514 tempestates

384 2514 560 2599 anni,
581 2531 655 2581 ut
672 2513 814 2582 sunt
835 2512 989 2598 Ver,
1014 2512 1241 2596 AEstas,
1263 2516 1626 2583 Autumnus
1645 2565 1666 2597 ‚
1696 2516 1771 2583 δε
1794 2515 2070 2608 Hyems‚
2093 2514 2210 2588 de-

243 2602 525 2677 stribunt
562 2602 675 2700 per
713 2627 841 2677 tres
880 2604 1160 2678 diversos
1207 2606 1532 2705 signorum
1575 2616 1670 2677 ac'
1690 2605 2004 2678 stellarum
2022 2628 2208 2681 ortus

243 2722 436 2796 atque
456 2697 718 2771 occafiis
748 2753 771 2785 ,
810 2723 976 2796 quos
995 2722 1235 2774 vocant
1256 2704 1572 2799 Cofinicum
1590 2757 1611 2782 ,
1655 2703 2100 2792 Acrotychum,
2135 2706 2212 2774 δε

246 2801 582 2868 Heliacum'.
627 2795 833 2863 Ortus
858 2793 1196 2866 Cosmicus
1234 2816 1345 2864 aut
1371 2797 1731 2864 'matutinus
1767 2795 1927 2889 figni
1946 2812 2054 2861 aut
2070 2795 2215 2868 stel-

241 2888 320 2958 1ae
338 2888 414 2958 fit
436 2941 457 2974 ,
486 2887 748 2983 quando
770 2885 949 2958 fimul
970 2913 1118 2959 cum
1144 2888 1298 2961 Sole
1311 2881 1556 2957 scandit
1580 2883 1761 2981 supra
1781 2887 2214 2967 horizontem.

248 2978 534 3053 Occasus
571 2978 912 3053 Cosmicus
949 3003 1055 3053 aut
1098 2984 1443 3051 matutinus
1469 3031 1490 3061 ‚
1529 2979 1791 3073 quando
1835 2981 2082 3078 fignum
2102 3005 2210 3059 aut

150 3089 154 3093 ’
244 3074 415 3147 stella
435 3080 688 3147 oriente
706 3074 861 3148 Sole
878 3099 959 3148 ex
979 3070 1246 3149 adverso
1268 3073 1543 3146 occidit.

333 3173 537 3241 Ortus
558 3172 782 3242 Acron
832 3170 988 3242 chus
1009 3229 1030 3254 ,
1076 3172 1190 3267 qui
1218 3174 1289 3239 &
1313 3171 1678 3240 Chronicus
1701 3165 2209 3268 &vespertinus‚

249 3262 330 3333 fit
355 3315 378 3347 .,
424 3264 683 3360 quando
703 3263 792 3337 ste
813 3264 874 3336 la
897 3286 1007 3338 aut
1022 3264 1268 3361 fignum
1292 3263 1562 3360 ‘aliquod
1595 3266 1803 3335 oritur
1843 3288 1922 3335 ex
1945 3266 2209 3345 adverso

252 3356 424 3430 Solis
446 3360 830 3432 occidentis.
903 3359 1192 3432 Occasus
1216 3358 1642 3454 Acronychus
1665 3355 1768 3432 seu
1791 3361 2208 3455 vespertinus,

249 3452 514 3548 quando
533 3452 711 3525 fimul
750 3479 900 3527 cum
922 3454 1075 3529 Sole
1117 3456 1362 3553 signum
1382 3474 1491 3526 aut
1512 3451 1681 3527 stella
1715 3456 1884 3527 infra
1899 3458 2212 3531 horizon-

249 3569 385 3620 tem
401 3544 746 3621 descendit.
1457 3626 1462 3631 ,

344 3645 446 3712 Ex
469 3663 607 3739 quo
626 3644 1022 3718 manifestum
1043 3643 1133 3718 est
1158 3699 1181 3731 ,
1230 3646 1403 3743 figna
1426 3641 1700 3715 Zodiaci
1736 3649 1810 3716 &
1829 3671 2055 3719 omnes
2074 3646 2215 3740 ejus

247 3759 492 3833 partes,
518 3756 664 3829 quae
683 3744 896 3810 Acron
945 3765 1020 3812 ce
1040 3742 1377 3825 occidunt,
1406 3738 1708 3810 Cosmice
1728 3744 1884 3827 oriri
1905 3774 1928 3828 3
1955 3747 2030 3812 &
2052 3764 2217 3835 con-
2243 3795 2248 3799 .

226 3854 347 3935 *tra
386 3826 692 3902 Cofinice
728 3767 1027 3907 occulere
1063 3859 1211 3932 quae
1252 3834 1586 3908 Chronice
1615 3836 1910 3905 oriuntur
1945 3857 1977 3919 ·,
2029 3836 2218 3927 juxta

247 3925 653 4000 verticulum.
976 3960 982 3970 ·
1970 3928 2222 4030 Cfinicq
