2666 4469
410 175 538 236 nr
615 169 1133 254 ors-run.
1220 137 2175 245 sP·H-A37R·ARVM.1⁶9

223 262 314 343 ab
335 296 415 343 eo
442 324 462 356 ‚
500 275 587 342 ita
610 292 680 343 ut
712 273 847 364 axis
891 263 1075 340 terrae
1110 268 1438 365 parallelus
1462 270 1537 340 fit
1565 270 1816 342 duobus
1841 272 2090 368 punctis
2111 271 2176 343 in'

213 367 479 445 'Coluro
511 366 945 437 Solstitiorum
983 417 1003 446 ‚
1049 386 1192 458 quae
1233 353 1678 460 repraesentant
1720 361 1917 436 Polos
1957 363 2182 438 mundi

218 462 557 533 Arfficum
604 466 686 540 δε,
721 459 1199 534 Antarfficum:
1243 480 1543 556 terraque
1622 461 1689 529 ei·
1734 475 1988 530 morum
2009 460 2186 528 di'ur-

215 581 383 626 num
426 558 603 625 circa
633 576 816 625 axem
837 555 1167 649 proprium
1189 545 1514 637 revoluta}
1605 550 1877 630 estribat
1900 555 2186 623 maximo

175 667 178 670 ’
214 650 341 722 suo
367 648 665 746 parallelo
704 647 1212 742 aequinoffialem
1237 648 1541 718 circulum
1582 647 1854 726 in‘caelo.
1925 650 2188 719 Tertius

214 764 447 815 motus
494 743 722 833 (annus
747 764 1007 836 quoque
1034 746 1096 810 in
1118 741 1410 838 seipsum)
1452 744 1519 810 in
1543 739 1787 837 sphae'ra'
1820 746 1910 812 ita
1931 740 2007 812 fit
2027 764 2192 811 con-

215 838 508 935 spicuus.
560 835 739 906 Dum
757 841 1009 922 terra-in
1029 841 1128 906 via
1148 836 1250 906 sua
1272 835 1529 906 deloco
1562 836 1860 910 inlocum
1883 832 2193 906 transfer·

217 953 338 1002 tur
377 931 463 1000 ab
483 939 486 942 ’
507 931 847 1020 occidente
886 936 948 999 in
976 934 1291 1001 orientem
1318 983 1342 1014 ‚
1386 928 1670 1000 videmus
1692 935 1849 1009 seam
1867 929 2191 1023 beneficio

221 1032 432 1114 trium
474 1024 826 1094 rotularum
863 1022 975 1093 sub
997 1024 1154 1093 caelo
1174 1045 1356 1094 terrae
1380 1075 1409 1107 ‚.
1442 1026 1766 1095 contrario
1791 1038 1971 1097 motu
2009 1030 2077 1095 in
2098 1022 2191 1094 ie-

223 1118 435 1220 ipsam
455 1114 641 1187 semel
662 1121 953 1187 converti
990 1115 1072 1186 ab
1092 1120 1343 1198 oriente
1361 1120 1426 1185 in
1451 1116 1884 1188 occidentem.
1949 1122 2082 1187 Aut
2122 1135 2193 1209 ut

227 1218 442 1311 magis
465 1215 726 1308 proprie
746 1212 1085 1306 loquamur
1107 1264 1127 1295 ,
1151 1213 1460 1294 retinetur
1479 1210 1608 1280 hoc
1633 1212 1820 1306 padio
1847 1266 1866 1297 ‚
1891 1225 2194 1306 tanquam

201 1320 492 1382 'motum
531 1323 806 1375 annuum
848 1305 929 1375 de
952 1305 1109 1374 loco
1127 1323 1138 1396 J
1152 1309 1217 1374 in
1249 1303 1470 1374 locum
1491 1329 1623 1374 non
1649 1311 1874 1388 curans
1901 1359 1922 1391 ‚
1970 1309 2035 1374 in
2059 1307 2196 1399 pari

227 1404 485 1498 semper
504 1399 627 1470 fitu
641 1403 775 1483 axis
798 1396 888 1471 sui
907 1399 1114 1472 versus
1139 1399 1408 1470 eandem
1430 1399 1566 1469 caeli
1589 1423 1772 1480 oram
1797 1453 1816 1485 ‚
1864 1423 1994 1469 non
2015 1398 2196 1468 aliter

229 1521 435 1597 quam
475 1493 744 1591 aplustre
801 1514 908 1564 aut
957 1493 1228 1565 stramen
1272 1497 1338 1564 in
1381 1492 1520 1565 rosa
1563 1493 1866 1591 compaffi
1887 1547 1909 1579 ,
1947 1492 2030 1563 de
2053 1494 2206 1588 qui-³·

229 1595 358 1666 bus
382 1591 591 1680 adium
609 1589 1001 1685 'praecedenti
1030 1592 1241 1685 capite
1263 1642 1283 1674 ,
1328 1611 1474 1683 quae
1490 1614 1638 1660 cum
1661 1613 1818 1662 nave
1843 1591 2202 1658 circumna-

228 1688 532 1782 vigantia‘
561 1707 940 1779 motumque
994 1682 1159 1754 illius
1184 1682 1577 1780 negligentia
1610 1738 1631 1771 ‚
1680 1702 1998 1778 perpetuo
2041 1680 2200 1750 diri-²

225 1801 477 1878 guntur
497 1779 704 1849 versus
727 1778 998 1848 eundem
1022 1779 1157 1847 caeli
1176 1777 1420 1847 locum.
1496 1782 1647 1852 Sine
1667 1781 1863 1856 teriio
1898 1777 2028 1847 hoc
2051 1791 2201 1846 ino-'-

233 1897 312 1944 tu
338 1925 357 1957 ‚
409 1878 483 1941 δε
504 1871 803 1968 Ρῐκάίᾶε
841 1869 1254 1953 inclinatione
1279 1875 1423 1940 <axis
1444 1877 1678 1943 terreni
1698 1866 2203 1965 ad'supe'rficiem

232 1966 561 2060 eclipticae
596 1987 622 2046 ,“
662 1962 827 2033 nulla
871 1963 1494 2036 animadverteretur
1515 1963 1909 2064 inaequalitas
1953 1964 2201 2032 dierum

241 2067 323 2131 &
348 2059 637 2129 noffium
659 2075 683 2142 ‘‚
730 2055 834 2126 sed
871 2054 1110 2150 semper
1152 2077 1261 2128 aut
1297 2053 1628 2138 solstitium]
1666 2053 1865 2141 effetg
1907 2076 2015 2126 aut
2051 2056 2206 2125 b‘ru-

239 2177 355 2225 ma
382 2206 403 2238 ,
452 2150 1079 2246 autaequinoffium,
1129 2170 1238 2221 aut
1258 2148 1431 2221 aestas
1459 2202 1481 2236 ‚
1528 2169 1636 2223 aut
1674 2150 1899 2232 eadem
1922 2149 2039 2222 fibi
2061 2153 2209 2245 perss

290 2256 451 2321 etuo
473 2246 700 2318 ‚similis
723 2250 868 2317 anni
893 2245 1228 2340 tempestas
1247 2296 1270 2331 ‚
1293 2245 1486 2318 velut
1507 2244 1962 2349 latius³patebit
2000 2267 2081 2316 ex
2100 2240 2208 2315 usu

227 2270 579 2440 Is'equenti„
623 2418 628 2423 ,
762 2397 764 2399 .
950 2419 958 2423 ,
1245 2412 1272 2421 ,,
1714 2366 1753 2381 ·1
2188 2344 2199 2404 ἰ

354 2443 429 2509 In
457 2437 600 2507 hac
631 2433 965 2530 hypothesi
1018 2437 1356 2508 invenitur·
1382 2435 1689 2510 mirabilis
1714 2437 1943 2506 totius
1985 2430 2210 2505 mundi

240 2532 609 2628 symmetria
633 2584 651 2616 ,
694 2536 767 2600 &
806 2535 1188 2602 conveniens
1211 2538 1561 2632 proportio
1582 2538 1876 2603 motuum
1895 2585 1914 2615 ‚
1976 2534 2050 2599 δε
2071 2551 2211 2598 am·

241 2626 635 2724 plitudinum
672 2622 1046 2720 sphaerarum
1085 2626 1424 2699 caelestium
1447 2687 1467 2712 ‚
1533 2650 1680 2723 quae
1726 2627 1921 2697 aliter·
1942 2623 2212 2694 inveniri

233 2744 387 2792 'non
409 2718 636 2812 potest.
709 2722 971 2812 Nempe
1008 2718 1272 2814 sphaeras
1293 2720 1520 2792 omn'es
1559 2744 1691 2788 non
1715 2714 2211 2813 praeternaturali

248 2814 463 2884 modo
484 2810 602 2881 fibi
624 2831 850 2879 mutuo
874 2814 1222 2880 contrarias
1243 2812 1434 2899 ferri‚'
1475 2810 1581 2883 sed
1608 2815 1746 2905 pari
1769 2831 1957 2879 motu
1978 2831 2225 2902 proce--

251 2907 412 2979 dere
454 2904 901 2985 aboecidente
923 2907 985 2972 in
1009 2907 1367 2990 orientem3
1415 2911 1491 2975 &
1504 2906 1688 2999 juxta
1720 2901 2214 2998 descriptionem

239 2995 634 3094 praemiffam
661 3051 690 3082 „
731 3021 1004 3092 corpora
1020 2996 1289 3067 -caele'stia
1331 3003 1396 3068 in
1419 2997 1776 3068 minoribus
1801 2997 2051 3068 circulis
2070 3016 2219 3066 mo*
2328 3050 2332 3059 .

251 3113 348 3177 ta,
365 3091 793 3178 'velociffimeg
837 3096 904 3162 in
923 3091 1468 3187 -tnajoribus·vero
1489 3091 1867 3183 tardiffime,
1895 3096 1969 3161 δε
1989 3091 2218 3187 majori

255 3205 555 3283 tempore
577 3241 599 3273 ‚
644 3185 776 3258 suas
796 3183 1119 3258 absolvere
1133 3186 1598 3272 converfiones.
1670 3193 1835 3259 Item
1859 3239 1880 3272 ‚
1923 3206 2219 3281 tempora
2310 3186 2313 3193 ’

254 3280 730 3353 revolutionum
768 3281 1226 3376 quadamtenus
1270 3282 1782 3378 proportionalia
1823 3279 1947 3354 esse
1988 3279 2222 3376 ampli-

257 3372 588 3447 tudinibus
611 3375 935 3447 caelorum.
1009 3377 1321 3448 Praeterea
1342 3400 1608 3473 quoque
1647 3380 1714 3448 in
1734 3400 1810 3447 ea
1828 3397 2133 3472 tanquam
2155 3375 2225 3443 in

256 3472 357 3541 rei
395 3473 655 3541 veritate
675 3492 939 3569 apparet
964 3524 984 3556 ‚
1026 3494 1139 3554 cur
1164 3472 1443 3545 Planetae
1485 3470 1625 3564 (etfi
1645 3475 1709 3543 in
1733 3469 1917 3543 nudis
1935 3468 2221 3555 circuliS,

257 3563 393 3635 fine
413 3564 714 3657 epicyclis
739 3619 759 3651 ‚
807 3570 942 3662 pari
966 3564 1137 3661 passu
1160 3587 1378 3640 motus
1410 3561 1554 3637 fisos
1575 3567 1936 3662 perficiant)
1959 3564 2223 3636 videan-

256 3678 365 3730 tur
404 3657 594 3729 nobis
637 3684 804 3730 nunc
826 3661 1156 3745 velociter,
1180 3685 1350 3734 nunc
1370 3660 1551 3732 tarde
1569 3659 1813 3733 moveri
1835 3712 1856 3741 ‚
1899 3656 2223 3728 interdum

256 3753 618 3867 veropstare
643 3805 665 3843 ,
701 3774 809 3829 aut
841 3755 1242 3852 retrogredi3
1288 3761 1374 3922 διε1
1411 3779 1525 3829 eur
1567 3776 1784 3832 motus
1824 3752 1918 3826 illi
1937 3751 2223 3916 velocgq,

249 3872 290 3891 -,
407 3876 440 3896 κ
1420 3870 1459 3942 5
2027 3863 2126 3914 tar
2175 3872 2224 3935 1,
