2666 4469
414 201 623 262 PER
686 199 1181 262 TER‘RAM
1240 197 1992 266 IMMO'BILEM.
2119 208 2189 266 91

232 302 629 374 altitudinem
650 298 831 396 supra
852 300 1263 369 horizontem
1284 356 1304 381 ,
1355 301 1429 366 &
1448 296 1674 367 horam
1695 296 1848 367 diei.
1916 298 2141 369 Globo
2163 311 2190 386 ’,

235 420 308 468 ut
346 419 489 467 ante
531 393 901 490 compofito
926 447 946 478 ‚
988 392 1245 492 applica
1284 393 1507 463 locum
1552 391 1722 463 Solis
1781 392 1947 486 (qui
1988 393 2080 464 est
2125 396 2190 464 iu

238 517 273 586 5
297 496 721 562 Geminorum
749 492 775 583 )
827 487 1175 559 meridiano
1197 539 1217 571 ,
1244 485 1527 556 indicem
1552 487 1730 556 horae
1750 485 2189 570 duodecim,

234 592 311 655 δε
352 582 742 658 verticalem=
763 580 1050 651 inferiori
1093 581 1194 651 fila
1241 585 1644 658 extremitate
1686 581 1995 679 gradibus
2014 580 2196 650 hori·

232 684 451 751 zontis
478 700 606 778 22}
624 678 706 747 ab
728 698 877 746 ortu
918 683 983 746 in
1003 674 1354 753 meridiem.
1429 679 1529 745 Ac
1552 696 1691 745 tum
1710 674 2029 748 convolve
2047 674 2198 770 glo-

235 790 391 861 bum
409 796 477 860 in
495 793 836 860 Orientem
860 843 880 874 ‚
912 789 1131 861 donec
1150 789 1333 865 locus
1357 789 1524 861 Solis
1546 812 1862 885 congruat
1880 814 2029 861 cum
2050 812 2198 862 ver-

233 886 410 961 ticali
433 943 451 966 ,
509 889 582 960 &
605 887 879 953 invenies
904 888 1135 954 iterum
1173 884 1310 953 duo
1333 916 1358 968 ,-
1404 909 1636 979 nempe
1680 891 1743 955 in
1766 884 2047 958 verticali
2070 908 2195 978 pro

233 977 571 1048 altitudine
591 977 759 1047 Solis
784 1000 874 1069 42
892 977 1126 1071 gradus
1154 1029 1175 1060 ,
1223 1001 1310 1069 23
1343 974 1428 1046 sc.
1454 979 1625 1073 apud
1664 979 1945 1058 indicem
1965 979 2194 1058 horam

235 1072 305 1158 8,
327 1070 529 1166 serup.
560 1094 670 1163 52,
692 1095 820 1168 pro
840 1093 1134 1163 tempore
1155 1068 1442 1163 quaefito.
2009 1088 2038 1103 ⁸

540 1258 930 1336 XXXVI,
1028 1256 1906 1368 PROBLEMA„

364 1421 546 1494 Omni
566 1438 800 1513 tempore
819 1440 910 1518 per
927 1416 1109 1512 ipfitm
1129 1419 1175 1484 S
1177 1417 1318 1482 olem
1333 1418 1582 1484 invenire
1598 1414 1715 1509 ejus
1732 1410 2102 1488 altitudinem·

656 1577 661 1584 ,
815 1513 1142 1591 Ammath,
1171 1511 1245 1588 [⁶5
1267 1510 1464 1580 horam
1483 1508 1620 1578 disi.
2175 1537 2184 1544 ⁸

240 1639 346 1790 P
375 1632 472 1698 Er*
496 1635 538 1697 6
561 1628 896 1725 problema
919 1628 1190 1724 globum
1229 1634 1404 1725 prius
1429 1628 1508 1698 ad
1530 1626 1715 1699 fitum
1761 1628 1985 1699 mundi
2007 1651 2194 1700 com-

378 1747 546 1817 pone
572 1778 590 1809 ‚
638 1726 988 1816 locumque
1029 1724 1224 1817 Solis*
1251 1724 1607 1794 meridiano
1635 1778 1656 1809 ,
1707 1724 1985 1803 indicem
2020 1725 2198 1798 borae

233 1818 638 1887 duodecimae
657 1819 933 1913 applica.
956 1820 1130 1886 Hinc
1149 1817 1303 1896 loco
1326 1819 1493 1888 Solis
1518 1826 1780 1914 impone
1798 1841 2199 1913 gnomonem

234 1910 606 2009 sphaerieum
636 1964 655 1993 ‚
706 1931 816 1979 aut
857 1932 1044 1976 acum
1083 1934 1229 1983 cera
1247 1911 1329 1979 ad
1369 1912 1637 2006 angulos
1679 1914 1889 1982 rectos
1918 1913 2201 2005 undique

235 2030 387 2074 cum
410 2002 741 2097 superficie
783 2003 968 2095 globi
991 2002 1351 2091 firmatum,
1400 2010 1474 2072 δε
1515 2024 1819 2080 converte
1839 2005 2112 2097 globum
2134 2008 2203 2082 in

237 2118 456 2169 ortum
481 2154 497 2176 ‚
546 2096 591 2165 fi
635 2116 781 2163 ante
800 2095 1135 2167 meridiem
1173 2095 1294 2180 fit,
1345 2101 1539 2165 autin
1578 2097 1874 2169 occasum
1901 2150 1921 2181 ,
1969 2095 2016 2167 fi
2060 2096 2204 2189 post

239 2194 265 2285 (
293 2188 475 2289 quod
509 2213 590 2260 ex
616 2189 843 2261 umbra
864 2189 1195 2263 meridiani
1229 2190 1415 2261 facile
1434 2189 1523 2269 est
1542 2189 1941 2286 discernere)
1989 2188 2203 2269 donec

236 2290 401 2367 radii
423 2285 589 2356 Solis
614 2307 729 2379 per
748 2281 1064 2356 foramina
1095 2289 1443 2380 gnomonis
1465 2287 1750 2358 incidant
1787 2291 1851 2356 in
1920 2285 2148 2357 lobum
2173 2338 2198 2370 ,

236 2403 345 2457 aut
367 2404 518 2450 acus
564 2378 797 2459 nullam
821 2378 902 2447 de
924 2377 982 2450 se
1006 2384 1299 2450 umbram
1337 2383 1402 2449 in
1425 2380 1591 2453 hanc
1628 2404 1733 2452 aut
1757 2387 1818 2451 in
1859 2388 1879 2452 i
1904 2386 2030 2455 lam
2052 2403 2202 2476 par-

239 2495 371 2554 tem
395 2476 716 2569 projiciat.
774 2476 950 2549 Tum
973 2474 1233 2545 firmato
1254 2475 1461 2569 globo
1488 2529 1508 2561 ‚
1548 2477 1913 2560 verticalem
1934 2480 2203 2571 impone

237 2569 392 2638 loco
415 2571 583 2639 Solis
613 2621 633 2652 ‚
674 2571 796 2641 tria
817 2593 946 2637 uno
973 2572 1201 2640 intuitu
1232 2570 1759 2664 comprehendes,
1804 2571 2006 2644 Index
2027 2572 2202 2644 enim

238 2662 525 2749 ostendet
547 2667 611 2730 in
639 2663 828 2754 cyclo
850 2664 1109 2734 horario
1132 2665 1385 2749 horam3
1409 2669 1778 2738 extremitas
1799 2664 2112 2737 verticalis
2134 2666 2202 2741 in

237 2758 582 2829 horizonte
609 2808 629 2839 ,
653 2756 822 2825 Solis
844 2759 1189 2840 Azimuth3
1224 2764 1296 2825 δε
1319 2758 1553 2851 gradus
1576 2764 1638 2826 in
1660 2757 1945 2827 verticali
1966 2751 2203 2856 sursum

238 2854 321 2933 ab
363 2852 710 2923 horizonte
753 2855 1062 2929 numerati
1083 2903 1104 2935 ‚
1152 2849 1554 2925 altitudinem
1596 2851 1765 2921 Solis
1804 2848 1988 2946 supra
2023 2851 2202 2944 hori-

239 2965 527 3029 zontem.
1174 2964 1178 2968 ·
1939 2966 1942 2973 ·

533 3080 969 3225 XXXV11.
1065 3134 1119 3204 Ρ
1165 3133 1232 3202 R
1278 3133 1454 3202 oss
1492 3135 1549 3201 L
1595 3133 1647 3201 E
1690 3133 1775 3203 Μ
1817 3132 1903 3203 A.

371 3292 475 3363 Ex
494 3312 620 3365 nota
626 3288 921 3381 stellarum
936 3286 1233 3377 altitudine
1252 3296 1498 3360 invenire
1511 3313 1708 3371 aarum
1727 3294 1805 3360 A
1805 3290 2030 3375 zimuth
2041 3330 2081 3376 ,⁴
2187 3338 2190 3343 ·

981 3384 1054 3454 δί
1075 3385 1271 3455 horam
1284 3389 1478 3462 noblis,

242 3542 247 3548 -
403 3523 411 3533 ·
441 3500 727 3574 Bservata
762 3503 1156 3600 fitlexempli
1191 3502 1349 3576 loco
1387 3503 1492 3575 die
1515 3527 1602 3593 29
1641 3507 1914 3581 Ianuarii
1957 3501 2197 3599 vesperi

412 3634 415 3637 ι
441 3596 921 3684 Amstelodami‚
948 3598 1116 3670 stella
1139 3603 1205 3670 in
1228 3601 1427 3691 corde
1446 3602 1710 3686 Leonis,
1732 3603 1978 3696 Regulus
1997 3597 2197 3680 diota,

237 3695 308 3762 in
331 3689 667 3761 altitudine
701 3689 878 3785 supra
902 3692 1313 3787 horizontem
1354 3692 1664 3791 graduum
1696 3720 1779 3787 30
1803 3746 1822 3775 ‚
1872 3697 1906 3762 a
1932 3688 2198 3769 meridie

241 3787 309 3885 {n
332 3788 674 3885 orientem,
741 3786 976 3874 ‚Globo
996 3790 1214 3943 εῐεόὶθ
1236 3787 1318 3858 ad
1338 3791 1756 3877 elevationem
1781 3786 1926 3944 Polli
1937 3777 2201 3941 cfauste-.-

400 3928 406 3936 .
496 3928 507 3937 .
1890 3898 1932 3944 o
1980 3894 2194 3943 ameum
