2666 4469
542 182 778 254 issgg
946 178 1078 240 οε
1127 205 1130 206 f
1176 175 2237 244 ADORNAT10N3

546 261 1182 366 circumnavigaverit
1206 321 1229 356 ‚
1296 266 1436 340 rofi
1477 266 1778 367 compaffi
1816 273 2053 343 interea
2091 266 2272 365 supet
2312 293 2523 362 acum„

549 363 657 439 cui
691 364 1007 436 incumbit
1041 367 1205 437 intra
1251 361 1554 459 pyxidem
1579 415 1600 449 ,
1663 357 1854 433 semel
1893 387 2159 459 quoque
2203 365 2511 437 conversa

545 460 743 537 fuerit
759 463 764 468 ⁴
779 458 861 529 ad
879 458 1335 539 alterumlatus
1357 476 1584 527 contra
1606 476 1859 527 motum
1883 461 2059 530 navis
2080 489 2102 542 3
2149 461 2223 528 &
2246 458 2512 555 qualem

469 547 479 570 ³
545 555 920 656 portionem
943 550 1371 636 eonverfionis
1391 548 1510 621 suae
1532 553 1704 621 navis
1723 549 2061 623 absolve'rit
2082 551 2289 624 versus
2313 577 2511 625 unam

549 650 801 747 partem
826 700 848 733 ,
889 648 1084 718 talem
1121 667 1386 746 quoque
1428 641 1571 715 ¹rosa
1595 646 1900 742 compaffi
1937 644 2273 740 perfecerit
2294 644 2511 718 versus

541 757 800 840 ‘partem
833 739 1094 811 alteram
1114 793 1134 825 ,
1182 739 1476 810 stramine
1511 759 1825 835 perpetuo
1865 740 2168 842 parallelo
2206 762 2507 813 manente

548 859 700 907 cum
721 856 838 904 axe
852 854 1142 919 terrae‚ac
1161 831 1404 904 directe
1420 835 1703 905 intuente
1724 833 1955 905 Polum
1973 834 2217 906 mundi.
2265 834 2508 908 Eadem

546 931 715 1002 ratio
736 926 825 999 est
847 930 912 997 in
937 947 1102 998 terra
1122 980 1139 1012 ,
1158 949 1303 1021 quae
1324 926 1500 1022 quafi
1523 947 1778 999 motum
1793 953 2070 1000 annuum
2095 933 2264 999 circa
2285 930 2506 1016 Solem

487 1037 488 1040 ’
543 1019 876 1116 negligens
906 1074 926 1106 ‚
971 1044 1288 1116 unamque
1308 1025 1778 1093 extremitatem
1800 1021 1887 1095 sui
1910 1027 2044 1095 axis
2070 1044 2379 1121 perpetuo
2398 1022 2503 1092 di-

548 1118 760 1210 rigens
802 1115 885 1185 ad
909 1114 1176 1184 boream
1203 1168 1224 1199 ,
1266 1113 1528 1187 alteram
1568 1115 1653 1187 ad
1673 1118 1947 1192 austrum
1971 1171 1993 1208 ‚
2035 1122 2340 1190 retinetur
2367 1116 2498 1188 hoc

550 1206 814 1310 'quidem
835 1205 1121 1307 respectu
1139 1208 1313 1304 quasi
1337 1210 1715 1293 immobilis.
2247 1214 2257 1222 ‘

673 1505 685 1538 ὃ
1040 1408 1868 1530 ’ςΑΡνΤῙν,

669 1567 1122 1695 Qomodo
1140 1589 1554 1666 inveniatur
1594 1583 1858 1695 triplex
1882 1604 2091 1665 terrae
2112 1583 2371 1664 motus
2445 1669 2453 1674 ,

689 1756 694 1760 -
1225 1723 1370 1807 pei:
1392 1694 1800 1811 Sphaeram.

670 1866 973 1962 ,Raedicti
1011 1886 1139 1939 tres
1180 1888 1371 1940 terrae
1402 1889 1619 1940 motus
1638 1868 1760 1939 hac
1783 1869 2031 1937 ratione
2027 1888 2166 2029 ‘per
2199 1864 2242 1936 s
2269 1863 2539 1938 haeram.

689 1968 1117 2037 inveniuntur.
1162 1968 1294 2038 Pro
1317 1968 1558 2061 primo,
1581 1965 1694 2060 qui
1705 1961 2005 2127 lYuotidie
2078 1981 2104 2029 t
2127 1962 2192 2030 in
2239 1958 2513 2056 eipsum‚

552 2080 861 2131 converte
904 2079 1150 2145 terram
1178 2058 1392 2155 digito
1414 2080 1523 2130 aut
1559 2059 1704 2129 baci

550 2153 899 2224 occidente
917 2158 981 2224 in
1006 2156 1322 2225 orientem
1348 2209 1367 2241 ,
1390 2153 1638 2227 videbis
1661 2148 2001 2248 quomodo
2021 2171 2098 2219 ea
2117 2151 2183 2220 in
2207 2171 2327 2218 una
2344 2170 2515 2217 con·

549 2246 835 2321 verfione
857 2252 1041 2322 omni
1059 2273 1140 2320 ex
1161 2270 1342 2346 parte
1360 2248 1443 2320 ad
1461 2248 1681 2322 Solem
1703 2264 2110 2316 convertatur
2132 2297 2154 2328 ,
2202 2265 2398 2338 atque
2424 2247 2515 2312 ita

552 2339 745 2417 semel
781 2343 1025 2411 interea
1068 2345 1382 2436 temporis
1403 2341 1682 2435 undique
1699 2339 2085 2408 illuminetur
2113 2369 2134 2423 ς
2182 2340 2258 2406 &
2281 2356 2515 2406 contra

551 2446 690 2526 quo
760 2434 909 2503 acto*
928 2431 1117 2503 semel
1134 2439 1314 2505 omni
1347 2459 1430 2506 ex
1451 2457 1628 2528 parte
1648 2440 1701 2511 ,a
1727 2432 1878 2503 Sole
1901 2429 2140 2501 reveria
2163 2485 2185 2516 ‚
2231 2431 2514 2525 undique
2546 2438 2549 2443 ’

1751 2082 1796 2126 o
1816 2058 1987 2127 circa
2025 2076 2208 2125 axem
2231 2051 2408 2124 suum
2428 2052 2516 2123 ab
2608 2087 2609 2124 ;

551 2529 706 2594 invo
731 2544 911 2594 vatur
930 2525 1210 2593 tenebris
1229 2583 1247 2607 ‚
1296 2547 1490 2619 atque
1509 2527 1638 2598 hoc
1660 2545 1844 2595 motu
1869 2521 1980 2594 suo
1999 2526 2237 2603 efficiat
2261 2581 2282 2613 ,
2306 2545 2381 2595 ut
2401 2546 2516 2620 per
2608 2582 2609 2585 ,

550 2626 769 2690 totum
791 2616 1018 2686 orbem
1062 2636 1246 2686 terrae
1269 2622 1431 2687 intra
1448 2642 1548 2710 24
1569 2620 1757 2689 horas
1779 2632 1901 2689 una
1924 2617 2038 2690 fiat
2059 2618 2196 2691 dies
2221 2673 2244 2704 ‚
2290 2624 2365 2688 &
2390 2636 2514 2688 una

553 2735 712 2783 nox.
777 2716 1048 2790 Motum
1068 2707 1450 2794 secundum}
1493 2713 1623 2783 hoc
1642 2713 1731 2783 est
1754 2767 1776 2800 ‚
1798 2732 2073 2783 annuum
2101 2766 2122 2797 ,
2165 2714 2247 2784 de
2270 2712 2428 2783 loco
2450 2715 2514 2782 in

553 2807 775 2880 locum
797 2859 817 2893 ,
839 2801 1193 2904 conspicies
1214 2807 1351 2878 hoc,
1367 2807 1582 2901 pacto,
1636 2808 1964 2879 Converte
1985 2807 2208 2877 caelum
2222 2828 2411 2897 fterrae
2433 2806 2513 2875 ab

557 2900 792 2972 occasu
815 2904 880 2972 in
900 2901 1118 2981 ortum
1139 2954 1161 2987 ,
1203 2906 1277 2972 &
1299 2900 1544 2973 videbis
1569 2955 1588 2987 ,
1633 2902 1975 2996 quomodo
2010 2901 2162 2971 dum
2186 2923 2354 2971 terra
2376 2925 2516 2970 mo-

549 3015 741 3081 vetur
761 2998 950 3075 invia
970 2993 1071 3070 sua
1089 3052 1109 3079 ,
1154 2995 1267 3066 Sol
1290 2996 1479 3067 nobis
1492 2997 1815 3093 judicetur
1835 3000 1926 3066 ire
1948 3017 2060 3090 per
2081 2995 2124 3066 fi
2173 3020 2251 3065 na
2271 2992 2516 3065 Zodia·

555 3093 639 3165 ci.
687 3088 984 3189 Exempli
1007 3086 1188 3160 caula
1206 3141 1226 3173 ‚
1251 3110 1420 3159 terra
1439 3108 1803 3185 occupante
1823 3092 2076 3159 initium
2163 3115 2198 3159 a
2245 3092 2512 3173 ricorni‚

559 3183 811 3256 videtur
851 3181 966 3263 Sol
1010 3183 1050 3252 ὃ
1073 3184 1341 3278 regione
1361 3186 1424 3251 in
1446 3187 1767 3279 principio
1789 3183 2022 3265 Cancri
2046 3215 2067 3268 ;
2113 3206 2188 3254 ea
2233 3207 2337 3254 em
2361 3205 2516 3279 pro·

557 3295 746 3346 mota·
759 3277 842 3346 ad
862 3280 1220 3371 'Aquarium
1242 3328 1262 3360 ‚
1308 3277 1560 3357 videtur
1577 3275 2062 3372 Solperveniss‘e
2093 3277 2174 3348 ad
2199 3282 2511 3361 Leonem,
2608 3362 2609 3365 Ἴ

562 3370 756 3462 atque
793 3370 892 3468 ita
911 3383 1125 3532 pori-‚o
1163 3368 1442 3467 designo
1467 3371 1532 3440 in
1555 3370 1824 3467 fignum·
1891 3369 2030 3441 Insu
2078 3396 2150 3442 er
2172 3373 2389 3446 videre
2427 3370 2515 3443 est

561 3465 798 3558 (juxta
825 3461 908 3541 'de
934 3468 1322 3560 criptionem¹
1356 3466 1580 3559 capitis
1606 3394 2078 3559 praecedentis&
2111 3490 2296 3538 axem
2330 3487 2516 3538 terrae

562 3581 696 3638 non
735 3557 1015 3632 erectum
1047 3557 1177 3628 esse
1217 3555 1298 3627 ad
1315 3559 1583 3663 angulos
1603 3560 1813 3629 rectos
1839 3610 1860 3643 ‚
1902 3558 2195 3654 parallele
2234 3585 2384 3632 cum
2401 3580 2520 3632 axe
2608 3648 2609 3653 Ἰ

565 3649 836 3728 Zodiaci
851 3684 875 3737 ς
922 3676 1041 3724 nee
1080 3670 1476 3750 aequatorem
1511 3655 1620 3725 aut
1641 3657 1987 3725 maximum
2008 3655 2373 3752 parallelum
2393 3676 2524 3729 ter-

513 3800 522 3812 .
564 3743 825 3837 restret'n
858 3750 1199 3827 convenire
1233 3772 1383 3854 cum
1423 3746 1619 3855 plano
1654 3749 2021 3853 eclipticae5
2050 3746 2175 3829 ‘sed
2196 3750 2523 3827 declinate

2303 3847 2390 3945 ab
2409 3872 2523 3936 eo,
2608 3846 2609 3889 ³
