2666 4469
524 215 656 287 m:
835 208 1028 275 :ns
1104 208 1314 272 ην
1392 208 2150 281 εΡΗΈ-ιωιινκ
2251 230 2275 239 ⁴·

1217 373 1253 440 1
1298 373 1355 440 1.
1448 372 1818 467 Exmzm.

621 492 868 565 Eadem
907 490 1076 582 stella
1111 488 1294 589 fiipra
1317 490 1550 563 Polum
1590 493 1659 562 in
1680 497 1962 582 maxima
2000 499 2338 580 altitudine
2365 530 2513 580 ver.

529 584 704 659 finte
723 647 744 673 ,
793 612 974 685 pono
992 586 1130 680 ejus
1170 585 1596 659 elevationem
1620 585 1803 684 supra
1838 590 2250 668 horizontem
2292 600 2514 673 obier-

521 703 744 754 vatam
785 680 1106 776 essegtad.
1129 686 1222 774 66
1246 735 1269 768 ‚
1307 679 1517 777 scrup-
1547 707 1655 775 30,
1735 683 2070 760 Converso
2106 715 2270 789 ergo
2288 694 2514 788 globo

530 797 718 849 terrae
751 777 964 847 donec
991 776 1777 941 meridimusfflmm
1794 778 1983 851 stellae
2017 783 2198 883 supra
2219 788 2446 860 Polum
2470 843 2497 876 ‚

526 870 661 944 hoc
678 870 768 943 est
786 925 809 957 ,
831 870 1043 941 donec
1063 868 1261 942 Polus
1282 868 1359 942 fit
1534 872 1627 941 ‘us
1648 873 1815 944 inter
1835 874 2073 952 stellam
2099 886 2173 951 &
2191 882 2503 955 horizon.

528 986 664 1036 tem
689 1018 711 1052 ‚
751 965 836 1034 ad
854 964 1122 1036 boream
1149 1019 1172 1052 ‚
1221 989 1496 1048 numero
1518 968 1587 1037 in
1610 966 1964 1042 meridiano
1982 977 2021 1043 a
2041 973 2214 1048 stella
2234 1001 2345 1073 per
2363 982 2504 1050 Po-

524 1058 664 1130 lum
681 1056 891 1132 versus
912 1059 1327 1131 horizontem
1345 1058 1579 1157 gradus
1604 1067 1693 1130 66
1716 1116 1736 1148 ‚
1762 1067 1916 1135 min.
1951 1091 2031 1160 30
2054 1122 2076 1154 ‚
2126 1076 2201 1141 &
2224 1077 2501 1145 termino

487 1235 493 1242 ‚
527 1157 994 1226 numerationis
1017 1179 1100 1250 ap
1148 1154 1280 1226 lico
1296 1155 1707 1227 horizontem
1732 1163 1796 1234 in
1815 1157 2284 1257 septentrione3
2334 1164 2501 1237 offe·

529 1270 813 1345 runtque
846 1248 908 1320 se
928 1252 1096 1321 inter
1160 1254 1527 1338 orizontem
1565 1255 1640 1321 &
1659 1252 1894 1323 Polum
1913 1256 2145 1352 gradus
2165 1282 2259 1356 40
2282 1314 2306 1349 ‚
2349 1265 2504 1336 min.

537 1368 574 1413 1
585 1366 654 1438 3,
676 1364 853 1416 tanta
872 1341 962 1415 est
976 1344 1259 1417 elevatio
1279 1344 1425 1416 Poli
1443 1368 1588 1442 quae
1603 1348 2030 1442 quaerebatur.

925 1521 1169 1602 XII.
1265 1531 2158 1648 PROBLEMA4

710 1695 1099 1765 elevatam
1119 1693 1248 1759 1³02ae
1268 1692 1812 1858 Ἥρω
1825 1703 1972 1769 circa
1993 1703 2310 1795 est-:quem-

298 1938 324 1977 1
340 1924 478 1990 panis
645 1901 940 1998 Vppono
974 1897 1256 1995 exempli
1295 1896 1477 1978 caula
1516 1904 1582 1973 in
1625 1903 1895 1977 meridie
1945 1906 2345 1982 observatam
2381 1914 2518 1987 efle

288 1988 502 2050 ''⁶⁶¹⁸'‘
541 1914 628 2072 S
650 1994 1051 2072 altitudinem
1112 1993 1428 2069 Addebam
1488 1992 1673 2094 supra
1716 1998 2129 2073 horizontem
2193 2005 2516 2100 graduum

292 2059 407 2099 'm'
586 2120 652 2176 0,
675 2097 750 2162 &
770 2093 966 2185 cupio
1122 2110 1265 2159 eam
1288 2113 1375 2160 co
1424 2089 1685 2163 noscere
1705 2092 2126 2170 elevationem
2144 2098 2312 2169 Poli.
2335 2102 2525 2172 Stel-

532 2117 682 2264 lain
706 2184 942 2282 sphaera
992 2207 1080 2256 uo
1115 2180 1271 2254 loco
1295 2186 1364 2255 di
1392 2185 1596 2282 pofita
1627 2212 1942 2265 converto
1980 2211 2161 2264 terrae
2226 2193 2454 2266 lobum
2482 2251 2515 2285 ‚

535 2283 752 2353 donee
790 2278 1179 2350 meridianus
1217 2277 1309 2349 illi
1351 2305 1389 2351 a
1437 2281 1750 2378 plicetur3
1796 2287 1945 2359 inde
1966 2286 2104 2359 fixo
2209 2288 2347 2360 obo
2386 2315 2517 2361 nu-

539 2381 723 2450 mero
764 2375 830 2443 in
852 2373 1207 2444 meridiano
1245 2375 1284 2444 a
1306 2374 1356 2443 st
1417 2375 1478 2446 la
1519 2378 1603 2448 ad
1626 2378 1900 2453 austrum
1939 2313 2339 2454 altitutfinem
2379 2384 2515 2456 ob-

444 2554 447 2558 *
535 2468 843 2543 servatam
885 2465 1068 2565 grad.
1117 2490 1247 2561 50,
1295 2473 1374 2539 δε
1414 2474 1695 2543 termino
1736 2478 2192 2550 numerationis
2229 2483 2515 2575 impono

537 2565 953 2636 horizontem
980 2611 1002 2642 ,
1049 2581 1246 2669 atque
1269 2564 1375 2631 ita
1398 2563 1634 2636 Polum
1656 2567 1852 2639 video
1890 2568 2073 2666 firpra
2096 2574 2515 2647 horizontem

542 2659 915 2827 adsborffam
934 2652 1162 2761 elevarr
1190 2654 1499 2769 gradibus
1522 2681 1607 2752 55
1634 2711 1659 2748 ,
1705 2657 1919 2760 scrup.
1943 2688 2032 2761 47
2055 2718 2079 2756 ,
2128 2668 2315 2766 plane
2347 2689 2423 2741 ut
2443 2673 2518 2742 in

540 2778 612 2851 lp
637 2778 683 2825 o
702 2775 793 2826 cae
816 2775 888 2824 o.

1073 2932 1082 2941 .
1173 2927 1178 2933 -
1219 2880 1255 2948 Ι
1298 2834 1356 2949 1}
1452 2883 1823 2977 Exemplum.

630 3037 732 3108 Sit
745 3031 1080 3105 observata
1099 3029 1376 3102 altitudo
1408 3038 1553 3106 Siris·
1581 3036 1929 3110 meridiana
1945 3041 2128 3138 grad.
2151 3066 2263 3115 20.
2315 3045 2514 3118 Stella

540 3128 658 3201 suo
675 3130 837 3200 loco
861 3126 1089 3223 pofita,
1114 3147 1432 3198 converto
1449 3130 1724 3225 globum
1746 3151 1953 3220 terrae,
1977 3136 2192 3208 donec
2212 3141 2515 3211 meridia-

543 3248 663 3294 nus
699 3223 939 3303 stellam
977 3224 1137 3292 attin
1183 3239 1249 3290 at
1272 3243 1294 3287 =
1343 3240 1483 3292 tum
1525 3235 1793 3297 numero
1833 3232 1871 3297 a
1896 3231 2069 3302 Sirio
2111 3233 2410 3306 deorsum
2449 3239 2516 3305 in

543 3316 905 3388 meridiano
941 3312 1082 3387 altit
1173 3317 1341 3387 inem
1364 3315 1760 3392 observatam
1793 3323 1977 3418 grad.
2001 3351 2093 3397 20
2118 3380 2140 3414 ‚
2188 3334 2264 3400 &
2286 3352 2515 3401 nume-

427 3424 434 3431 ’
545 3411 813 3483 rationis
833 3412 1117 3480 termino
1135 3435 1173 3481 a
1219 3409 1397 3505 plico
1412 3409 1822 3489 horizontem
1842 3417 1926 3489 ad
1946 3420 2222 3496 austrum
2245 3477 2269 3512 ,
2316 3431 2394 3496 δε
2412 3428 2521 3495 in·-

547 3509 741 3578 venio
777 3501 1014 3574 Polum
1055 3507 1124 3573 in
1188 3507 1595 3603 eptentrione
1634 3510 1819 3610 supra
1851 3513 2267 3595 horizontem
2304 3519 2523 3597 attolli

550 3600 730 3715 grad.
749 3621 867 3699 43,
890 3595 1098 3693 sc'rup.
1119 3600 1237 3694 48,
1258 3602 1419 3672 utin
1440 3600 1627 3683 caelo.
1865 3625 1870 3633 ·

2160 3851 2167 3855 ’
2288 3900 2535 3994 xm.
