2666 4469
468 137 567 192 170
797 112 2039 188 „DEADORNATIONE

459 210 627 285 tardi
654 229 702 296 ,·
722 230 800 280 ac
837 208 1201 307 retrogtadi
1222 263 1246 297 ‚
1286 203 1561 305 majores
1607 210 1934 283 videantur
1969 214 2037 282 in
2056 215 2212 286 Iove
2233 234 2439 309 quam

458 310 527 377 in
543 308 827 377 Saturno
844 358 866 390 ,
892 329 1012 392 nec
1031 326 1163 375 tam
1187 307 1407 401 magni
1424 307 1492 397 iu
1514 309 1671 377 Iove
1696 328 1888 400 quam
1909 309 1976 378 in
1996 310 2217 380 Marte
2241 339 2263 391 3
2313 331 2436 379 cur

453 402 615 481 item
637 399 914 494 majores
953 402 1019 494 iu
1042 399 1289 471 Venere
1314 421 1509 493 quam
1533 404 1599 471 in
1621 404 1982 477 Mercurio.
2053 404 2289 495 Qare
2329 423 2437 473 et-

454 496 591 582 iam
611 492 833 589 saepius
859 493 925 586 id
949 496 1027 590 ‘in
1047 495 1325 565 Saturno
1348 497 1725 591 contingere
1764 492 2053 567 videatur
2074 547 2095 582 ,
2124 518 2342 590 „quam
2363 500 2434 567 in

456 592 615 660 Iove
639 641 661 674 ‚
709 591 783 658 &
804 581 1020 684 inhpe
1060 586 1288 683 saepius
1306 610 1506 683 quam
1543 592 1610 660 in
1631 593 1848 660 Marte
1872 620 1894 674 ;
1942 592 2007 659 in
2032 593 2250 661 Marte
2268 614 2433 662 vero

454 685 655 758 rarius
674 704 867 777 quam
905 682 975 753 in
996 680 1244 754 Venere
1266 686 1344 753 &
1364 687 1725 755 Mercurio,
1796 687 2108 756 Praeterea
2176 688 2238 755 ui
2261 684 2378 755 fiat
2405 738 2430 772 ,

454 765 635 873 quod
658 777 960 847 Saturnus
982 829 1003 861 ‚
1026 779 1300 872 Iupiter,
1324 781 1400 848 δε
1421 780 1605 850 Mars
1629 831 1652 866 ‚
1703 798 1889 849 terrae
1906 778 2111 850 multo
2127 707 2250 851 Eut
2264 800 2431 875 pro-

452 874 669 981 piores
692 872 759 939 in
781 868 1195 965 oppofitione
1217 894 1368 942 cum
1390 872 1545 945 Sole
1591 874 1769 969 (hoc
1787 872 1876 943 est
1893 932 1915 956 ,
1965 897 2113 943 cum
2148 894 2313 945 terra
2333 865 2427 943 est

449 989 518 1036 ιι]
538 962 707 1034 tedia
749 961 914 1040 linea
934 967 1099 1037 inter
1144 963 1291 1038 illos
1316 969 1393 1036 δε
1414 966 1632 1039 Solem
1658 972 1686 1062 )
1736 971 1808 1036 &
1832 986 2063 1038 contra
2105 968 2300 1064 longe
2318 991 2422 1038 re-

449 1061 763 1130 motiores
789 1059 825 1129 ὲ
846 1079 1013 1130 terra
1052 1063 1120 1129 in
1143 1058 1603 1153 conjunffione
1622 1085 1849 1133 eorum
1870 1086 2018 1132 cum
2044 1062 2199 1134 Sole
2245 1062 2418 1153 (hoc

448 1151 540 1224 est
557 1210 579 1236 ‚
622 1173 772 1222 cum
796 1152 910 1224 Sol
947 1157 1014 1223 in
1036 1154 1209 1241 reeta
1239 1153 1406 1226 linea
1426 1158 1593 1228 iuter
1615 1156 1757 1228 illos
1778 1171 1863 1244 acj
1891 1176 2127 1227 terram
2147 1159 2420 1228 interce-

445 1246 594 1342 dit)
655 1244 829 1317 velut
872 1246 1150 1344 diligens
1184 1248 1323 1343 ejus
1366 1254 1461 1322 rei
1507 1248 1878 1322 observator
1922 1250 2006 1320 ad
2051 1249 2316 1322 oculum
2353 1251 2426 1319 in

445 1344 667 1428 Marte
690 1340 1174 1434 potestunotare.
1226 1347 1409 1415 Nam
1427 1348 1483 1417 is
1507 1336 1835 1415 Chronice
1853 1341 2205 1430 ascendens.
2244 1350 2275 1439 (
2294 1344 2426 1415 hoc

337 1483 349 1488 -
444 1432 538 1514 est
558 1489 582 1522 ,
607 1436 870 1529 quando
893 1436 1037 1509 Soli
1055 1436 1420 1535 oppositus,
1445 1441 1654 1510 oritur
1674 1433 1914 1531 vesperi
1934 1436 2089 1506 Sole
2106 1438 2431 1521 occidem-

445 1550 513 1608 te
531 1530 803 1694 Zonostu
838 1535 1066 1604 Iovem
1099 1532 1539 1626 magnitudine
1576 1527 1805 1601 visibili
1825 1551 2075 1624 aequare
2111 1528 2374 1601 videtur
2398 1583 2424 1616 ,
2524 1618 2530 1624 ι

444 1647 531 1703 co
601 1646 669 1696 re
688 1622 894 1697 solum
909 1625 1112 1715 rutilo,
1130 1625 1213 1694 ab
1245 1625 1362 1695 illo
1383 1622 1687 1695 discretus
1710 1654 1733 1711 3
1777 1622 1886 1694 ubi
1909 1642 2138 1694 contra
2179 1619 2298 1693 soli
2318 1625 2426 1692 vi·-

345 1778 351 1783 .
443 1721 627 1792 cinus
648 1766 670 1795 ‚
717 1742 870 1791 cum
894 1715 1142 1814 ,vesperi
1162 1713 1275 1790 sub
1320 1716 1487 1790 illius
1508 1716 1704 1788 radiis
1745 1712 1807 1788 ie
1831 1715 2112 1789 condere
2130 1718 2370 1809 incipit
2396 1755 2421 1803 ,-

445 1832 555 1884 aut
576 1835 763 1885 mane
781 1837 878 1904 ex3
897 1805 1025 1884 illis
1045 1814 1320 1908 emergit
1344 1865 1366 1899 ‚
1412 1817 1525 1894 vix
1541 1809 1731 1884 stenae
1768 1807 2056 1886 secundae
2097 1813 2424 1904 magnitu-

442 1907 612 1996 dinis
651 1907 902 1990 videtui:
922 1904 1099 2003 posse
1141 1910 1524 2003 comparari.
1592 1909 1773 2000 Quae
1797 1907 2227 1979 Phaenomena
2269 1928 2424 1974 om-

443 2004 550 2093 nia
574 2055 595 2090 ‚
639 2026 721 2073 ex
739 1999 1085 2078 soloterrae
1106 2020 1293 2073 motu
1333 2022 1552 2092 ortum
1573 2002 1876 2080 ducentia
1897 2053 1920 2087 ‚
1966 2019 2103 2080 tam
2125 1994 2419 2076 consono

444 2096 918 2174 testimonioac
931 2094 1155 2170 valido
1226 2117 1571 2195 rgumento
1589 2099 1896 2170 evincunt
1935 2113 2168 2165 terram
2194 2091 2433 2166 move-²

442 2193 501 2265 ri
523 2224 546 2279 3
596 2211 665 2262 ut
683 2193 798 2300 qui
819 2193 880 2261 ei
927 2121 1374 2267 contracsicere
1407 2192 1597 2289 velit,
1641 2188 1929 2265 videatur
1972 2184 2274 2287 cumjipsa
2291 2210 2416 2284 pu·-

443 2307 642 2381 gnare
664 2304 938 2354 rat1one.
1017 2347 1019 2352 .
1324 2339 1331 2347 .
2178 2358 2181 2363 ¹
2328 2359 2332 2363 .

536 2377 754 2538 Ἥιοά
795 2397 1011 2451 autem
1034 2380 1301 2452 varietas
1346 2378 1456 2451 illa
1474 2401 1640 2474 unae
1683 2381 1751 2449 in
1796 2372 2149 2470 planetis'st:
2170 2368 2368 2471 offert
2387 2427 2410 2462 ‚

443 2493 576 2541 non
643 2468 1109 2562 eprehendatur
1127 2476 1192 2540 in
1215 2470 1568 2542 stellisfixis
1596 2523 1618 2557 ‚
1641 2468 2053 2543 certiffimum
2072 2491 2413 2564 argumen-

441 2562 693 2634 tumest
711 2619 731 2644 ‚
777 2559 1099 2633 immensae
1120 2563 1366 2634 illatum
1386 2566 1422 2632 ὲ
1447 2583 1611 2637 terra
1628 2562 1961 2637 distantiae.
2030 2564 2128 2632 Ex
2161 2586 2295 2658 qua
2316 2583 2418 2634 et·-

444 2659 576 2731 iam
596 2657 836 2728 clarum
854 2654 941 2728 est
972 2661 1045 2726 δε
1064 2656 1322 2730 evidens
1342 2710 1364 2743 ,
1417 2658 1731 2729 circulum
1750 2660 1868 2730 viae
1887 2678 2070 2727 terrae
2090 2658 2414 2746 circa-So-

441 2749 573 2828 lem
593 2804 615 2838 ,
657 2754 771 2847 qui
792 2752 873 2823 ad
892 2753 1227 2824 minimum
1262 2777 1577 2836 2000000
1615 2750 1984 2845 milliaribus
2009 2753 2413 2822 Germanicis

441 2867 618 2943 patet
641 2850 710 2918 in
743 2847 1068 2933 diametro
1093 2900 1115 2932 ,
1163 2847 1245 2917 ad
1266 2846 1308 2917 s
1337 2847 1520 2918 haerae
1540 2844 1853 2919 stellarum
1891 2844 2159 2915 fixarum
2178 2869 2279 2915 am
2330 2846 2414 2918 li-

442 2941 733 3012 tudinem
759 2994 781 3027 ,
801 2945 910 3029 vix
933 2942 1176 3039 punsto'
1193 2872 1333 3013 eng
1340 2944 1650 3035 majorem
1673 2999 1692 3025 ‚
1716 2945 1790 3011 δε
1817 2939 2067 3036 prorsus
2093 2934 2260 3011 insen
2312 2940 2417 3011 bi-

441 3034 632 3203 lteatssu·
662 3039 877 3124 Tanta
896 3060 976 3109 ac
1018 3057 1149 3111 tam
1168 3035 1564 3111 admirabilis
1603 3035 1695 3110 est
1715 3036 1855 3113 haec
1872 3035 2192 3130 DeivOpt.
2213 3038 2410 3110 Max.

558 3153 724 3204 nea..
2101 3186 2107 3192 .

2115 3776 2143 3789 ”
2179 3776 2265 3861 'C
2309 3789 2413 3862 A·

2590 40 2598 224 1
