2666 4469
276 946 471 1072 maz

521 189 619 244 186
859 186 997 245 DE
1075 189 1281 262 VSV
1366 187 2138 250 SPHAERARVM

567 282 729 354 lobo
749 302 935 356 terrae
955 344 975 369 ,
1016 285 1267 357 videbis
1287 290 1508 376 omnia
1540 308 1688 382 quae
1704 285 1787 356 de
1802 282 2039 381 sphaera
2073 283 2349 383 obliqua
2372 305 2509 361 tra-

571 381 658 448 ita
675 376 814 451 sunt
835 383 901 451 in
919 380 1094 453 libro
1116 384 1350 478 primo,

945 573 1075 640 11.
1193 568 2052 640 PROBLEMA.

605 723 987 794 Elevasionem
1007 723 1132 792 Pota·
1148 729 1367 821 aequari
1384 722 1674 797 latitudini
1694 726 1951 806 locarunt,
1975 724 2048 795 &
2068 750 2203 794 cum
2220 727 2421 796 altien-

893 815 1026 886 dine
1037 820 1529 913 aequatorisfimul
1543 819 1748 916 efficere
1766 844 1856 907 90
1865 817 2117 918 gradus.

687 937 1107 1006 Levationem
1150 936 1298 1008 Poli
1330 933 1515 1047 supra
1537 937 1945 1008 horizontem
1971 988 1992 1022 ,
2047 929 2357 1034 perpetuo
2395 961 2487 1006 ae-

684 1028 937 1123 qualem
974 1028 1097 1101 esse
1138 1030 1451 1101 distantiae
1472 1031 1705 1103 Zenith
1753 1030 1840 1101 ab
1860 1031 2290 1126 aequinofflali
2313 1086 2333 1115 ‚
2376 1051 2487 1101 aut

510 1123 694 1218 quod
737 1122 911 1195 idem
952 1123 1045 1193 est
1065 1182 1085 1207 ,
1136 1124 1461 1197 latitudini
1483 1126 1776 1199 locorum
1799 1129 1863 1196 in
1885 1148 2049 1197 terra
2074 1179 2093 1206 ,
2144 1149 2263 1221 per
2292 1123 2490 1223 sphae-

414 1265 430 1284 2
510 1242 652 1287 ram
698 1218 1071 1289 mechanica
1113 1219 1203 1290 ita
1243 1218 1623 1291 ostenditur.
1705 1222 2061 1314 Vtrumque
2106 1221 2340 1290 Polum
2374 1217 2495 1289 ad-

504 1313 709 1409 junge
751 1311 1083 1382 horizonti
1122 1334 1194 1384 ut
1236 1317 1319 1384 in·
1346 1312 1392 1384 s
1417 1315 1584 1386 haera
1606 1316 1774 1389 tedia
1800 1367 1820 1400 ,
1857 1335 2172 1408 eruntque
2200 1312 2333 1384 fine
2366 1311 2489 1381 ulla

508 1406 868 1478 elevatione
889 1410 965 1476 &
988 1409 1335 1502 aequinoffl
1397 1411 1538 1480 isin
1561 1408 1816 1481 Zenith.
1869 1410 2046 1478 Tum
2069 1407 2343 1478 alterum
2359 1403 2494 1477 ele-

507 1525 587 1573 va
604 1498 789 1597 supra
810 1500 1226 1574 horizontem
1263 1502 1348 1574 ab
1371 1528 1502 1573 uno
1522 1503 1719 1574 latere
1739 1553 1760 1584 ,
1802 1503 2083 1593 exempli
2123 1501 2306 1570 causa
2334 1558 2351 1581 ‚
2407 1525 2495 1568 10

506 1594 816 1690 gradibus
861 1648 885 1682 ‚
950 1595 1211 1668 recedet
1248 1616 1542 1691 aequator.
1582 1595 1666 1665 ab
1706 1593 1911 1663 altero
1962 1592 2160 1662 latere
2205 1593 2502 1663 totidem

556 1688 809 1759 radibus
851 1690 888 1758 a
934 1690 1211 1775 Zenitb3
1257 1694 1332 1757 δε
1354 1705 1598 1781 quanto
1642 1684 1915 1781 amplius
1942 1682 2136 1757 Polus
2162 1685 2506 1754 attollitur

502 1712 687 1877 ἔφη
726 1782 1134 1856 horizontem
1158 1837 1179 1868 ,
1223 1799 1408 1852 tanto
1445 1802 1712 1876 quoque
1734 1784 1940 1875 magis
1965 1797 2256 1873 aequator
2292 1781 2329 1847 a
2350 1781 2498 1848 Ze-

505 1877 646 1948 nith
692 1874 983 1949 discedit.
1045 1881 1230 1950 Patet
1274 1879 1473 1947 etiam
1514 1875 1943 1952 elevationem
1987 1872 2133 1943 Poli
2175 1871 2490 1968 aequalem

504 1970 752 2067 semper
770 1971 1075 2044 distantiae
1105 1975 1452 2069 aequatoris
1473 1971 1509 2040 a
1533 1968 1771 2042 Zenith
1797 2020 1819 2055 ,
1864 1968 2214 2039 convenire
2230 1990 2378 2036 cum
2400 1963 2489 2037 la-

504 2067 779 2138 titudine
800 2066 1101 2139 locorum
1122 2071 1187 2139 in
1211 2086 1402 2138 terra.

559 2161 742 2232 ‘Poli
785 2185 1054 2259 quoque
1095 2163 1522 2237 elevationem
1564 2155 1748 2256 supra
1796 2157 2212 2241 horizontem
2235 2206 2256 2241 ,
2301 2151 2486 2225 fimul

505 2277 655 2325 cum
676 2256 1011 2328 altitudine
1037 2256 1506 2353 aequinoctialis
1543 2254 1672 2327 sem
1759 2277 1790 2321 r
1827 2253 2208 2323 constituere
2226 2275 2314 2336 90
2332 2272 2490 2344 gra,-

499 2347 622 2419 dus
644 2406 664 2431 ,
711 2372 826 2443 per
863 2348 1135 2421 eandem
1174 2354 1623 2447 operationem
1711 2369 1750 2415 c
1768 2346 1845 2415 fit
1865 2345 2177 2417 evidens.-
2213 2344 2486 2427 Elevato

498 2442 673 2512 Polo
686 2441 995 2536 gradibus
1018 2469 1109 2514 20
1136 2498 1157 2528 ,
1204 2442 1666 2538 aequinoffialis
1716 2440 1995 2510 totidem
2037 2437 2347 2536 gradibus
2380 2436 2486 2508 di-

499 2533 619 2607 stat
658 2536 691 2600 a
731 2536 966 2604 Zenith
990 2586 1012 2618 ,
1066 2542 1142 2605 δε
1167 2535 1351 2630 {upra
1380 2538 1792 2606 horizontem
1832 2533 2151 2604 attollitur
2170 2532 2485 2628 gradibus

295 2682 306 2707 .-
387 2668 390 2673 ·
497 2654 589 2710 70
611 2681 632 2713 ‚
652 2629 765 2721 ,qui
787 2650 936 2697 cum
955 2651 1049 2699 20
1072 2680 1093 2712 ,
1117 2626 1362 2701 faciunt
1385 2653 1499 2715 90.
1565 2632 1758 2712 Item,
1778 2626 2032 2698 sublato
2062 2629 2232 2698 Polo
2254 2626 2484 2723 gradi-

499 2722 621 2794 bus
644 2726 733 2791 60
758 2773 780 2807 ,
824 2722 1286 2816 aequinoffialis
1325 2724 1521 2794 etiam
1560 2726 1648 2791 60
1721 2721 1977 2793 radibus
1997 2721 2245 2794 recedit
2285 2729 2322 2793 a
2348 2723 2485 2792 Ze-

491 2817 643 2891 nith
669 2873 690 2907 ‚
731 2821 807 2887 &
845 2816 930 2887 ab
965 2817 1313 2899 horizonte
1352 2815 1539 2887 distat
1557 2743 1869 2914 grafiibus
1904 2843 1987 2912 30
2012 2870 2035 2903 ,
2073 2820 2362 2911 quicum
2389 2821 2479 2886 60

500 2911 746 2984 faciunt
765 2908 1027 3007 quoque
1047 2940 1160 3000 90.
1224 2912 1339 2984 Ide
1435 2935 1513 2982 ue
1539 2964 1560 2996 ‚
1600 2909 1647 2981 fi
1670 2916 1855 2983 unius
1873 2911 2146 2982 altitudo
2165 2906 2478 2997 subduca-

498 3024 609 3076 tur
648 3007 731 3077 de
771 3031 860 3092 90
878 3006 1182 3100 gradibus
1203 3061 1225 3097 ,
1271 3007 1388 3083 refi
1437 3028 1591 3080 uum
1628 3004 1877 3105 semper
1918 3006 2161 3102 praebet
2183 3004 2478 3078 altitudi-

462 3156 468 3163 .
500 3124 652 3174 nem
670 3100 950 3173 alterius·
1015 3168 1024 3181 ,

1994 3878 2149 3954 111.
2196 3877 2471 3956 PRO·
