2666 4469
525 212 642 272 ET
705 211 1136 275 DlsTlun.
1206 209 1813 279 GLOBORVM.
2012 268 2016 276 ,
2100 222 2169 295 '31

207 333 310 385 tro
342 311 421 383 A.
460 311 759 384 Circulus
792 313 1005 416 major
1032 313 1100 380 D
1117 312 1171 385 F
1186 316 1248 384 G
1285 310 1364 383 fit
1381 309 1619 409 sphaera
1643 314 1920 387 fixarum
1940 313 2174 390 distans

200 411 235 476 ὲ
263 427 488 480 centro
509 429 694 478 terrae
716 461 739 494 ,
774 432 856 478 ex
871 409 1176 478 iententia
1196 408 1565 508 Alphargani
1587 415 1662 479 &
1686 409 1958 481 aliorum
1980 464 2001 498 ‚
2055 408 2175 481 sal-

206 522 336 573 tem
367 508 602 574 22612
640 499 1121 573 semidiametris
1166 521 1371 574 terrae.
1447 506 1508 572 A
1529 509 1591 576 G
1634 507 1835 599 igitur
1876 503 2174 576 fiemidia-

203 617 403 668 meter
447 600 838 668 Horizontis
882 595 1336 666 Mathematici
1357 620 1476 692 per
1506 619 1801 670 centrum
1846 619 2030 671 terrae
2050 599 2175 674 dn·

201 692 328 777 &13
351 689 442 761 est
460 692 742 787 partium
761 696 902 762 226
916 714 1025 776 12,
1045 689 1328 785 qualium
1377 693 1436 759 A
1455 694 1507 759 B
1552 690 2014 766 semidiameter
2038 714 2173 765 ter-

201 808 286 855 rae
300 784 388 854 est
427 809 572 854 una.
648 784 866 876 Qod
887 782 930 854 fi
945 787 1086 878 jam
1107 807 1186 854 ex
1232 787 1286 853 B
1332 781 1666 881 superficie
1692 808 1878 859 terrae
1898 787 2173 860 ducatur

201 883 333 949 BE
383 876 889 950 semidiametrus
911 882 1300 948 Horizontis
1325 880 1624 951 naturalis
1655 933 1675 965 ‚
1703 881 1999 977 parallela
2019 906 2171 955 cum

201 977 262 1044 A
285 979 348 1045 G
375 1004 398 1057 3
449 995 632 1043 arcus
677 977 741 1046 G
762 976 813 1041 E
858 969 1239 1042 differentiae
1260 971 1581 1066 utriusque
1604 979 2011 1061 Horizontis,
2035 1002 2171 1048 non

199 1071 326 1138 erit
349 1071 414 1137 in
439 1067 683 1137 circulo
721 1070 790 1137 D
812 1067 863 1134 F
885 1069 951 1137 G
991 1065 1199 1157 major
1217 1090 1259 1152 9
1282 1063 1589 1161 scrupulis
1611 1066 1897 1141 secundis
1922 1123 1970 1157 ‚.
1994 1071 2061 1141 id
2083 1071 2173 1144 est

202 1159 829 1257 quadringentesima
860 1179 1042 1254 parte
1064 1160 1246 1227 unius
1267 1159 1502 1253 gradus
1528 1192 1549 1244 3
1640 1185 1733 1230 uae
1754 1162 1894 1233 sane
1916 1169 2174 1258 quanti-

203 1277 301 1327 tas
328 1255 579 1326 summo
593 1256 738 1350 jure
780 1254 1066 1324 censetur
1110 1253 1616 1346 incomprehenfi
1667 1253 1767 1324 ilis
1785 1311 1804 1337 ,
1853 1276 1923 1326 ut
1941 1279 2177 1330 norunt

204 1355 316 1446 qui
341 1353 785 1422 Geometriatn
807 1347 907 1421 vel
928 1352 964 1417 ὲ
992 1350 1208 1443 primo
1226 1347 1446 1418 limine
1461 1345 1829 1419 salutarunt.

290 1447 614 1515 Horizon.
632 1468 893 1543 apparens
928 1441 1032 1513 seu
1074 1440 1305 1536 vifibilis
1322 1495 1345 1526 ‚
1392 1442 1631 1514 dicitur
1669 1439 1937 1538 spatium
1988 1465 2176 1518 terrae

204 1559 313 1610 aut
333 1542 553 1625 maris,
583 1538 768 1635 quod
791 1538 1075 1635 undique
1101 1539 1166 1607 in
1189 1536 1424 1607 orbem
1447 1538 1530 1608 ab
1551 1539 1759 1609 oculis
1779 1538 1987 1633 potest
2010 1566 2177 1612 con-

201 1631 457 1731 spici&
501 1633 897 1730 apprehendi
923 1666 944 1719 3
993 1631 1178 1728 quod
1195 1631 1280 1702 ab
1314 1652 1454 1702 utra
1506 1657 1584 1703 ue
1627 1633 1802 1704 oculi
1839 1657 2019 1731 parte
2038 1662 2173 1709 non

204 1729 414 1801 multo
458 1729 714 1824 longius
737 1729 1102 1800 extenditur
1124 1780 1146 1814 ‚
1192 1749 1442 1821 quama
1510 1728 1645 1799 duo
1675 1729 1964 1801 milliaria
1984 1754 2173 1803 com-

205 1828 445 1894 munia.
510 1825 687 1988 <41ss
711 1830 883 1895 enim
927 1820 1205 1895 rotunda
1224 1821 1314 1891 est
1337 1841 1519 1893 terrae
1566 1826 1657 1916 (in
1682 1822 1886 1920 planis
1929 1822 2169 1898 seilicet

204 1915 402 2014 loeis)
425 1921 583 1990 mari
611 1941 738 2013 que
758 1915 1120 2013 superficies
1142 1949 1165 2002 ς
1222 1916 1450 1987 oculus
1475 1916 1656 2015 super
1672 1942 1816 1988 eam
1839 1919 2115 1992 elevatus
2143 1972 2168 2008 ,

206 2036 343 2087 non
361 2011 504 2107 plus
525 2009 709 2107 spatii
729 2012 937 2106 potest
958 2010 1532 2105 comprehendere,
1555 2035 1749 2108 quam
1769 2013 1959 2083 redtae
1974 2067 1995 2101 ‚
2024 2037 2171 2110 quae

207 2107 293 2177 ad
314 2106 690 2177 conta&um
710 2106 898 2201 globi
921 2105 1200 2201 undique
1222 2129 1303 2175 ex
1323 2106 1522 2177 oculo
1546 2106 1959 2202 egrediuntur
1985 2161 2007 2195 ‚
2049 2108 2169 2180 ab-

207 2199 504 2273 scindunt
530 2233 554 2289 3
605 2221 806 2298 prout
845 2221 1074 2275 notum
1100 2199 1188 2273 est
1232 2202 1306 2269 &
1335 2202 1738 2299 exploratum
1779 2201 2084 2276 omnibus
2101 2206 2169 2276 in

207 2295 558 2397 disciplinis
580 2299 848 2395 Opticis
866 2297 967 2371 vel
986 2298 1209 2372 leviter
1227 2296 1430 2368 modo
1447 2301 1836 2372 exercitatis.

430 2580 852 2655 FINIS
944 2582 1372 2654 LIBRI
1459 2580 1932 2654 PR1M1.

1872 3908 2180 3990 PAR-
