2666 4469
472 232 569 275 ιη
810 213 949 272 ΒΕ
1025 210 1234 271 VSV
1315 207 2089 274 SPHAERAR-VM

467 311 693 385 Solem
735 310 976 383 habent
1126 309 1355 381 naliter
1405 302 1587 473 suffia
1635 310 2047 383 horizontem
2087 301 2468 402 elevatum}

469 410 621 502 quia
659 405 984 501 aequaliter
1024 404 1093 474 di
1144 425 1359 478 antem
1398 403 1478 474 ha
1565 423 1639 473 nt
1659 406 1694 473 a
1720 402 1833 473 suo
1855 407 2117 479 Zenith.
2187 413 2353 505 Qa
2371 412 2463 483 de

468 501 758 665 redlatius
804 500 1016 570 aetum
1032 498 1123 570 est
1143 498 1545 596 problemate
1582 520 1634 569 1.
1654 522 1683 571 1
1717 503 1920 595 partis
1941 506 2169 599 primae
2194 558 2216 592 ‚
2263 505 2456 601 quod

463 620 531 668 vr
576 618 638 666 e.

929 779 1985 854 L.PROBLEMffi

550 939 816 1008 Planctas
843 943 906 1007 in
924 935 1145 1033 sphaerae
1162 944 1413 1007 collocare
1444 936 1525 1007 ad
1541 937 2029 1035 datum'tempus‘,
2067 963 2233 1035 atque
2253 941 2352 1013 hoe

899 1030 1062 1101 modo
1081 1038 1141 1100 in
1158 1056 1348 1102 eorum
1358 1040 1639 1128 pervenire
1655 1040 1933 1103 notitiam.

226 1186 252 1226 ι
267 1174 407 1239 pana
473 1159 624 1316 R
646 1152 899 1245 Epertis
945 1172 1059 1244 per
1099 1149 1435 1245 problema
1463 1169 1510 1220 t„
1533 1172 1559 1220 1
1584 1172 1610 1219 ι
1625 1248 1638 1260 .
1653 1154 1853 1259 partis
1878 1155 2101 1245 primae
2123 1176 2207 1223 ex
2231 1157 2437 1250 Ephe·
2470 1153 2475 1158 ‘

215 1238 429 1298 problema

187 1306 331 1348 ur.
648 1243 1002 1316 meridibus
1049 1246 1452 1315 Planetarum
1508 1242 1673 1312 locis
1731 1269 1795 1312 ιη
1842 1245 2003 1315 caelo
2061 1248 2144 1317 ad
2182 1268 2436 1346 tempus

462 1337 910 1436 propofitum3
956 1339 1235 1432 exempli
1258 1335 1439 1406 causa
1461 1390 1482 1421 ‚
1533 1336 1995 1409 Amstelodami
2017 1340 2123 1410 die
2147 1342 2183 1410 8
2211 1349 2438 1413 Ianua—

459 1438 541 1505 rii
584 1438 728 1504 anni
760 1436 983 1526 16343
1031 1431 1344 1502 circulum
1365 1430 1787 1528 longitudinis
1827 1437 1891 1502 in
1916 1435 2212 1529 ecliptica
2228 1438 2441 1532 appli-

459 1553 537 1599 ca
560 1549 731 1600 notae
749 1524 1138 1623 longitudini
1161 1579 1182 1611 ‚
1233 1546 1388 1621 puta
1406 1530 1604 1596 Lunae
1624 1583 1642 1608 ,
1681 1528 1746 1599 iu
1774 1553 1854 1606 17
1871 1527 2052 1621 grad.
2082 1551 2170 1621 50
2193 1536 2430 1602 minut.

455 1626 702 1704 Tauri,
754 1626 830 1690 δε
852 1625 915 1690 in
939 1643 1024 1690 eo
1066 1644 1327 1690 numera
1367 1619 1767 1695 latitudinem
1789 1620 2107 1692 borealem
2145 1625 2179 1690 a
2204 1626 2442 1695 medio

457 1714 691 1789 surium
716 1766 742 1799 ,
757 1715 937 1810 grad.
980 1738 1011 1807 3
1042 1767 1063 1799 ‚
1085 1713 1294 1809 scrup.
1330 1737 1414 1807 32
1439 1767 1471 1802 ‚n
1488 1719 1565 1786 δε
1588 1717 1654 1785 in
1676 1718 1945 1785 termino
1966 1720 2440 1789 numerationis

456 1809 725 1886 habebis
747 1832 965 1882 verum
998 1808 1217 1879 locum
1242 1812 1461 1879 Lunae.
1526 1813 1661 1882 Pro
1684 1813 1955 1884 Saturno
1981 1863 2003 1895 ,
2047 1808 2194 1880 loca
2216 1815 2445 1884 eircu-

455 1905 593 1978 lum
631 1902 1053 1999 longitudinis
1089 1907 1155 1973 in
1184 1929 1267 1986 17
1288 1902 1472 1999 grad.
1509 1932 1551 1985 7
1574 1910 1732 1976 min.
1761 1907 2135 2000 Sagittarii,
2188 1911 2259 1975 &
2281 1904 2440 2003 sup·-

457 2021 615 2098 puta
637 2004 705 2070 in
727 2022 811 2069 eo
830 1996 1230 2071 latitudinem
1253 1998 1519 2074 boream
1617 2048 1633 2067 .
1667 2025 1700 2074 1
1734 2056 1751 2080 ,
1774 2003 1932 2070 min.
1963 2005 2096 2091 46,
2139 1999 2440 2072 habebis-

455 2118 586 2192 que
625 2093 849 2164 locum
889 2094 1144 2165 Saturni
1183 2095 1252 2164 in
1273 2092 1435 2163 caelo
1469 2118 1507 2164 a
1587 2113 1843 2188 tempus
1863 2091 2285 2189 propofitum.
2342 2097 2437 2166 Vt

454 2210 670 2261 autem
710 2187 855 2260 illos
896 2188 964 2256 in
1010 2186 1170 2258 caelo
1191 2190 1470 2260 invenias
1496 2241 1516 2272 ‚
1563 2210 1778 2283 quaere
1801 2210 1914 2285 per
1931 2211 2155 2259 xxxrx
2177 2189 2440 2287 proble-

455 2309 561 2355 ma
602 2287 670 2353 in
705 2306 845 2379 quo
884 2281 1242 2352 Azimutho
1282 2288 1358 2353 δε
1397 2283 1732 2354 altitudine
1768 2285 2166 2355 inveniantur
2197 2284 2281 2355 ad
2314 2287 2435 2357 da-

456 2397 597 2448 tum
617 2397 870 2471 tempus
896 2428 916 2469 ,
965 2399 1045 2463 ae
1065 2373 1305 2471 respice
1322 2375 1404 2446 ad
1429 2375 1534 2447 illa
1554 2374 1703 2447 caeli
1724 2377 1871 2448 loca
1894 2409 1929 2469 3,
1961 2377 2138 2448 nullo
2162 2383 2436 2477 negotio

456 2469 611 2542 visui
633 2489 750 2539 tuo
774 2469 1142 2539 incurrent:
1194 2474 1269 2538 δε
1291 2471 1413 2541 hae
1444 2475 1695 2541 ratione
1714 2475 2040 2568 pervenies
2082 2473 2164 2544 ad
2200 2499 2437 2547 eorum

456 2580 777 2633 notitiam.

799 2748 1026 2817 -LL
1138 2745 1986 2823 PROBLEMA.

784 2900 1107 2978 Duodecim
1124 2905 1243 2974 caeli
1270 2902 1457 2976 domos
1474 2929 1571 3004 per
1572 2906 1855 3002 sphaeram
1872 2917 2092 3008 erigere.

221 3062 246 3100 ι
264 3049 399 3121 pmis
458 3045 523 3199 I
548 3035 627 3104 N
647 3033 822 3105 hune
842 3032 1037 3133 finem
1059 3057 1342 3131 praepara
1361 3034 1482 3107 tibi
1514 3039 1786 3107 circulum
1798 3041 2066 3133 pofitt'onis
2085 3095 2105 3123 ‚
2153 3043 2266 3135 qui
2289 3065 2432 3113 me·-

209 3114 422 3225 {fflssm
544 3127 795 3200 ridiano
833 3128 918 3199 ad
938 3129 1204 3198 boream
1242 3133 1315 3197 &
1338 3128 1612 3202 austrum
1637 3132 1807 3226 affigi
1829 3137 2104 3225 queatin
2124 3158 2429 3206 eommu-

455 3222 644 3295 nibus
682 3224 822 3316 ejus
862 3218 1411 3299 interseffionibus
1449 3248 1598 3297 cum
1637 3225 1980 3299 horizonte
2005 3282 2025 3315 ,
2076 3234 2150 3299 δε
2188 3226 2427 3301 sursum

450 3340 531 3389 ae
551 3313 845 3389 deorsum
874 3320 1050 3388 circa-
1066 3320 1499 3393 extremitates
1519 3315 1657 3392 suas
1682 3326 1991 3392 converti.
2061 3324 2163 3392 Ad
2186 3321 2426 3396 descri-

451 3406 736 3485 bendum
781 3433 867 3478 12
905 3413 1042 3485 caeli
1072 3412 1404 3485 domicilia
1442 3470 1465 3498 ,
1509 3434 1618 3486 aut
1668 3414 1940 3512 figuram
1989 3417 2296 3491 caelestem
2340 3419 2425 3490 ad

452 3507 678 3579 datum
713 3523 969 3598 tempus
991 3536 1017 3589 3
1057 3505 1330 3601 exempli
1371 3507 1555 3579 causa
1578 3531 1786 3602 prout
1821 3509 2044 3582 caelum
2087 3511 2149 3583 se
2194 3512 2424 3586 habuit

450 3603 522 3672 in
561 3598 908 3676 Hollandia
947 3621 1119 3669 anno
1146 3623 1313 3692 1571
1345 3651 1368 3684 ‚
1402 3601 1976 3689 die9Decembris
2001 3606 2271 3693 Iuliani,
2316 3632 2424 3680 vo-

442 3696 607 3794 speri
652 3695 815 3769 hora
856 3691 1022 3767 sexta
1064 3692 1147 3762 ad
1189 3691 1593 3770 latitudinem
1635 3699 1814 3796 grad.
1846 3723 1931 3792 52
1956 3757 1993 3782 „
2026 3704 2254 3774 minut.
2282 3727 2374 3795 50
2398 3756 2422 3790 ‚

447 3791 582 3869 hoc
620 3788 712 3865 est
734 3841 758 3879 ,
802 3789 885 3865 ad
925 3791 1168 3893 locum·
1189 3791 1265 3861 δε
1286 3810 1541 3891 tempus
1559 3797 1908 3873 nativitatis
1929 3797 2426 3874 virieeleberri-

2324 3916 2424 3965 rm

2596 3994 2605 4257 ἱ
