2666 4469
437 191 644 256 PER
711 191 1871 256 TERRAMMOBILEM.
2042 213 2147 265 217

176 289 254 362 fit
278 286 433 362 illud
453 289 582 359 hoc
603 286 830 358 modo.
881 288 1253 355 Horizonte
1273 337 1296 368 ‚
1343 283 1494 356 Sole
1515 338 1536 369 3
1587 282 1928 378 indiceque
1948 286 2145 357 hora·
2242 346 2257 360 .

178 387 280 454 r-io
308 436 328 466 ‚
373 404 440 452 ut
463 382 645 475 supra
672 378 1047 476 compofitis
1071 410 1092 463 3
1139 379 1502 450 verticalem
1523 382 1789 472 impone
1811 378 2141 451 horizonti

178 477 267 547 ad⁴
285 476 502 546 datum
525 475 830 543 Azimuth
852 527 873 558 3
923 478 996 544 &
1019 492 1196 545 verte
1226 472 1499 568 globum
1524 494 1708 542 terrae
1734 471 1810 540 'in
1835 472 2139 544 occasum

179 572 389 640 donec
409 568 727 642 verticalis
763 567 908 642 strin
1042 566 1307 638 Solem:
1353 564 1642 638 ostendet
1662 564 1856 638 index
1900 588 1968 637 ut
1990 589 2138 639 ante

178 666 406 735 horam
429 665 718 736 Italicam
740 684 883 757 quae
935 685 1084 761 tarn.

488 814 1835 960 xc1n.PRoBLEMA

549 1022 743 1085 Horas
763 1017 992 1085 Italicas
1013 1013 1277 1113 indagare
1292 1038 1388 1110 per
1388 1010 1580 1106 stellas
1582 1013 1769 1107 fixas.

277 1169 443 1240 Llud
475 1191 738 1265 quoque
758 1192 892 1239 non
930 1167 1115 1238 aliter
1131 1190 1326 1262 quam
1369 1171 1435 1237 in
1459 1166 1612 1237 Sole
1650 1166 1998 1241 absolvitur
2030 1187 2141 1240 aut
2169 1203 2192 1241 1
2212 1190 2343 1254 pana

179 1181 252 1336 I
279 1288 391 1361 per
411 1263 805 1335 observatam
836 1261 1240 1332 altitudinem
1264 1315 1283 1347 ‚
1323 1283 1432 1332 aut
1453 1286 1565 1357 per
1587 1281 1813 1332 notum
1835 1264 2141 1334 Azimuth
2165 1254 2372 1364 §Yssf‘m

179 1359 451 1454 alicujus
476 1356 683 1429 stellae.
748 1359 814 1427 Si
837 1357 1021 1428 detur
1040 1356 1314 1426 altitudo
1331 1373 1362 1441 3·
1403 1355 1640 1426 stellam
1666 1361 1836 1451 prius
1858 1355 1969 1428 suo
1991 1359 2151 1429 loco

182 1449 254 1523 in
290 1449 524 1548 sphaera
549 1505 571 1536 ,
618 1453 1025 1522 horizontem
1061 1474 1183 1546 pro
1202 1450 1535 1522 latitudine
1573 1449 1751 1536 loci,
1801 1454 2150 1550 Solemque

184 1559 304 1644 per
324 1545 603 1617 indicem
625 1543 781 1615 disci
802 1571 926 1642 pro
946 1546 1103 1615 dato
1121 1544 1227 1616 die
1253 1547 1314 1614 in
1335 1546 1632 1639 ecliptica
1654 1544 1918 1641 dispone
1940 1571 1960 1616 ε
2008 1569 2152 1616 tum

184 1641 494 1713 converte
581 1639 805 1710 lobum
847 1662 1032 1711 terrae
1073 1639 1282 1709 donec
1320 1638 1741 1711 occidentalis
1783 1644 2150 1713 horizontis
2199 1664 2202 1668 ’

183 1734 420 1826 limbus
442 1664 659 1806 Soffem
677 1734 937 1830 stringat
962 1788 983 1820 ,
1029 1754 1222 1830 atque
1242 1733 1523 1805 indicem
1551 1735 1875 1806 horarium
1897 1735 2153 1833 applica

185 1829 367 1900 horae
393 1852 499 1897 12.
550 1828 809 1897 Dehinc
827 1829 1016 1898 volve
1037 1828 1267 1898 terram
1290 1831 1355 1896 in
1377 1833 1695 1899 orientem
1722 1882 1741 1912 3
1782 1834 1856 1898 &
1878 1833 2156 1901 vertica-

186 1923 319 1994 lem
339 1921 468 1990 huc
493 1920 641 1990 illuc
663 1925 726 1988 in
745 1921 1087 1990 horizonte
1104 1979 1123 2003 ,
1173 1920 1386 1992 donec
1406 1920 1639 2017 gradus
1657 1924 1975 1993 verticalis
1998 1947 2155 1991 con-

188 2017 451 2088 veniens
484 2037 633 2084 curn
655 2012 989 2085 altitudine
1027 2012 1356 2087 observata
1378 2015 1615 2084 stellam
1658 2015 1919 2111 stringat
1939 2048 1960 2102 3
2007 2016 2157 2111 glo-

191 2109 287 2180 bo
340 2133 417 2179 ue
436 2105 599 2193 fixo,
624 2107 915 2178 ostendet
937 2107 1124 2178 index
1139 2109 1370 2179 horam
1384 2107 1741 2203 quaesitam.

197 2218 208 2226 ·
360 2223 470 2273 ato
494 2200 854 2272 Azimutho
877 2234 899 2289 3
952 2226 1282 2300 compone
1300 2201 1537 2274 stellam
1560 2258 1580 2290 ‚
1604 2203 2010 2275 horizontem
2036 2259 2056 2291 3
2083 2208 2160 2275 δε

195 2299 419 2372 Solem
445 2352 466 2383 ‚
507 2316 578 2369 ut
599 2317 746 2369 ante
769 2329 791 2383 3
832 2304 1179 2394 marginem
1202 2322 1466 2394 quoque
1487 2300 1837 2371 occiduum
1858 2298 2167 2369 horizon-

194 2396 280 2470 tis
304 2391 553 2490 applica
575 2391 711 2463 Soli
735 2445 754 2478 ,
777 2392 1057 2462 indicem
1081 2392 1405 2463 horarium
1428 2393 1604 2463 horae
1631 2418 1714 2462 12
1736 2426 1758 2478 3
1796 2398 1870 2462 &
1891 2396 2166 2464 vertica-

192 2487 327 2559 lem
369 2491 433 2556 in
468 2486 813 2556 horizonte
852 2488 1208 2557 Azimutho
1240 2491 1540 2582 cognito.
1587 2492 1760 2560 Turn
1803 2509 1981 2560 verte
2014 2489 2164 2584 glo-

197 2583 353 2655 bum
392 2601 577 2663 terrae
602 2635 623 2666 ‚
674 2581 886 2651 donec
928 2583 1245 2653 verticalis
1267 2581 1500 2652 stellam
1534 2581 1802 2680 ‚stringat
1823 2616 1845 2668 3
1898 2606 1978 2652 ac
2018 2583 2165 2656 vide

198 2682 509 2774 quantum
549 2696 890 2771 promotus
913 2675 988 2748 fit
1026 2677 1220 2748 index
1242 2732 1263 2766 ‚
1306 2675 1709 2772 inveniesque
1744 2677 1973 2748 horam
1995 2677 2166 2747 Itali-

198 2792 344 2841 cam
366 2793 563 2864 quam
582 2769 933 2863 quaerebas.
983 2792 988 2803 ·
1872 2782 1875 2785 '
2176 2800 2179 2805 ·

515 2947 1842 3059 ¹eranRoB'LEMA,

430 3156 626 3223 Horas
645 3147 721 3220 ab
738 3172 863 3221 ortu
879 3150 1018 3219 Solis
1037 3174 1361 3223 numeratas
1381 3210 1402 3234 ,
1446 3174 1514 3224 ut
1532 3152 1949 3253 Noribergenfis

214 3274 222 3293 ·
647 3270 650 3273 ’
926 3245 1050 3314 &a
1097 3245 1441 3348 investtgarez
1486 3278 1493 3283 ·

203 3408 392 3569 H
417 3402 573 3470 Orae
593 3394 721 3471 istae
741 3398 1203 3473 eodemmodo
1226 3455 1250 3489 ,
1294 3427 1377 3473 ac
1396 3402 1580 3474 fimili
1601 3411 1977 3501 operatione
1998 3410 2177 3480 inve-
2197 3432 2221 3480 ι
2237 3433 2369 3496 pant·

205 3526 214 3559 2
403 3498 712 3580 niuntur,
762 3518 892 3591 qua
936 3496 1175 3569 Italicae
1211 3551 1233 3584 ,
1298 3497 1433 3569 hoc
1472 3519 1718 3572 tanturn
1759 3503 2120 3575 discrimine
2144 3528 2163 3572 ε
2187 3495 2396 3605 {xl-‘m‘

206 3591 394 3693 quod
455 3589 971 3685 investigantibus
1031 3592 1220 3663 horas
1263 3593 1782 3693 Noribergenses
1842 3596 2174 3668 orientalis

206 3688 573 3767 horizontis
592 3684 827 3756 limbus
851 3684 1361 3783 fitapplicandus
1383 3688 1535 3761 Soli
1540 3745 1579 3791 ἶ
1599 3718 1719 3787 pro
1736 3692 2124 3763 occidentali
2151 3745 2174 3779 ,

209 3787 367 3884 quo'
393 3781 630 3875 utimur
665 3781 831 3854 inter
866 3782 1508 3949 quaesmdumohoms
1535 3787 1827 3881 „Italicas
1880 3787 2176 3859 Caetero·

211 3924 248 3945 ·.
455 3920 467 3937 ·
1375 3901 1418 3977 5
2027 3906 2186 3978 qum
