<?xml version="1.0" encoding="UTF-8"?>
<!DOCTYPE html PUBLIC "-//W3C//DTD XHTML 1.0 Transitional//EN"
    "http://www.w3.org/TR/xhtml1/DTD/xhtml1-transitional.dtd">
<html xmlns="http://www.w3.org/1999/xhtml" xml:lang="en" lang="en">
 <head>
  <title>
</title>
<meta http-equiv="Content-Type" content="text/html;charset=utf-8" />
  <meta name='ocr-system' content='tesseract 3.04.00' />
  <meta name='ocr-capabilities' content='ocr_page ocr_carea ocr_par ocr_line ocrx_word'/>
</head>
<body>
  <div class='ocr_page' id='page_1' title='image "./guilielmiblaeui00hortgoog/guilielmiblaeui00hortgoog_0123.png"; bbox 0 0 2666 4469; ppageno 0'>
   <div class='ocr_carea' id='block_1_1' title="bbox 370 140 2207 249">
    <p class='ocr_par' dir='ltr' id='par_1_1' title="bbox 370 140 2207 249">
     <span class='ocr_line' id='line_1_1' title="bbox 370 140 2207 249; baseline 0.003 -20"><span class='ocrx_word' id='word_1_1' title='bbox 370 168 581 231; x_wconf 70' lang='lat' dir='ltr'>rER</span> <span class='ocrx_word' id='word_1_2' title='bbox 658 166 1162 243; x_wconf 67' lang='lat' dir='ltr'>TERRAM</span> <span class='ocrx_word' id='word_1_3' title='bbox 1236 140 1999 232; x_wconf 73' lang='lat' dir='ltr'><strong>IMMOBILEM.</strong></span> <span class='ocrx_word' id='word_1_4' title='bbox 2110 194 2207 249; x_wconf 86' lang='lat'>103</span> 
     </span>
    </p>
   </div>
   <div class='ocr_carea' id='block_1_2' title="bbox 1035 366 1409 456">
    <p class='ocr_par' dir='ltr' id='par_1_2' title="bbox 1035 366 1409 456">
     <span class='ocr_line' id='line_1_2' title="bbox 1035 366 1409 456; baseline -0.005 -20"><span class='ocrx_word' id='word_1_5' title='bbox 1035 366 1409 456; x_wconf 84' lang='lat' dir='ltr'>Exemplum.</span> 
     </span>
    </p>
   </div>
   <div class='ocr_carea' id='block_1_3' title="bbox 160 516 2240 1562">
    <p class='ocr_par' dir='ltr' id='par_1_3' title="bbox 160 516 2240 1467">
     <span class='ocr_line' id='line_1_3' title="bbox 329 516 2198 614; baseline -0.001 -24"><span class='ocrx_word' id='word_1_6' title='bbox 329 519 503 590; x_wconf 75' lang='lat' dir='ltr'>Scire</span> <span class='ocrx_word' id='word_1_7' title='bbox 517 516 808 592; x_wconf 75' lang='lat' dir='ltr'>defidero</span> <span class='ocrx_word' id='word_1_8' title='bbox 834 573 856 605; x_wconf 86' lang='lat'>‚</span> <span class='ocrx_word' id='word_1_9' title='bbox 900 516 1188 614; x_wconf 86' lang='lat' dir='ltr'>quisnam</span> <span class='ocrx_word' id='word_1_10' title='bbox 1209 519 1471 594; x_wconf 85' lang='lat' dir='ltr'>Planeta</span> <span class='ocrx_word' id='word_1_11' title='bbox 1491 536 1671 614; x_wconf 84' lang='lat' dir='ltr'>regat</span> <span class='ocrx_word' id='word_1_12' title='bbox 1694 519 1925 590; x_wconf 87' lang='lat' dir='ltr'>horam</span> <span class='ocrx_word' id='word_1_13' title='bbox 1955 544 2041 590; x_wconf 91' lang='lat'>10</span> <span class='ocrx_word' id='word_1_14' title='bbox 2064 516 2198 606; x_wconf 85' lang='lat' dir='ltr'>diei</span> 
     </span>
     <span class='ocr_line' id='line_1_4' title="bbox 235 613 2240 710; baseline 0 -26"><span class='ocrx_word' id='word_1_15' title='bbox 235 614 469 698; x_wconf 86' lang='lat' dir='ltr'>Martis</span> <span class='ocrx_word' id='word_1_16' title='bbox 490 617 778 709; x_wconf 86' lang='lat' dir='ltr'>:incipio</span> <span class='ocrx_word' id='word_1_17' title='bbox 795 636 958 710; x_wconf 83' lang='lat' dir='ltr'>ergo</span> <span class='ocrx_word' id='word_1_18' title='bbox 983 640 1132 688; x_wconf 88' lang='lat' dir='ltr'>cum</span> <span class='ocrx_word' id='word_1_19' title='bbox 1163 644 1195 686; x_wconf 91' lang='lat'>1</span> <span class='ocrx_word' id='word_1_20' title='bbox 1218 622 1253 687; x_wconf 70' lang='lat' dir='ltr'>a</span> <span class='ocrx_word' id='word_1_21' title='bbox 1281 616 1706 707; x_wconf 85' lang='lat' dir='ltr'>Marte‚cujus</span> <span class='ocrx_word' id='word_1_22' title='bbox 1728 613 1844 685; x_wconf 91' lang='lat' dir='ltr'>illo</span> <span class='ocrx_word' id='word_1_23' title='bbox 1868 613 1976 685; x_wconf 89' lang='lat' dir='ltr'>die</span> <span class='ocrx_word' id='word_1_24' title='bbox 1992 617 2201 709; x_wconf 89' lang='lat' dir='ltr'>impe-</span> <span class='ocrx_word' id='word_1_25' title='bbox 2235 641 2240 646; x_wconf 91' lang='lat'><strong>·</strong></span> 
     </span>
     <span class='ocr_line' id='line_1_5' title="bbox 232 706 2199 804; baseline 0.001 -26"><span class='ocrx_word' id='word_1_26' title='bbox 232 710 396 778; x_wconf 86' lang='lat' dir='ltr'>rium</span> <span class='ocrx_word' id='word_1_27' title='bbox 416 706 594 778; x_wconf 87' lang='lat' dir='ltr'>estin</span> <span class='ocrx_word' id='word_1_28' title='bbox 614 709 848 779; x_wconf 85' lang='lat' dir='ltr'>boram</span> <span class='ocrx_word' id='word_1_29' title='bbox 869 713 1323 804; x_wconf 80' lang='lat' dir='ltr'>primam‚cum</span> <span class='ocrx_word' id='word_1_30' title='bbox 1343 732 1389 778; x_wconf 86' lang='lat'>2</span> <span class='ocrx_word' id='word_1_31' title='bbox 1415 707 1664 779; x_wconf 84' lang='lat' dir='ltr'>transeo</span> <span class='ocrx_word' id='word_1_32' title='bbox 1686 708 1769 778; x_wconf 87' lang='lat' dir='ltr'>ad</span> <span class='ocrx_word' id='word_1_33' title='bbox 1793 707 2199 791; x_wconf 87' lang='lat' dir='ltr'>Solem,cum</span> 
     </span>
     <span class='ocr_line' id='line_1_6' title="bbox 235 801 2198 899; baseline 0.002 -27"><span class='ocrx_word' id='word_1_34' title='bbox 235 827 271 898; x_wconf 84' lang='lat'>3</span> <span class='ocrx_word' id='word_1_35' title='bbox 299 802 379 873; x_wconf 89' lang='lat' dir='ltr'>ad</span> <span class='ocrx_word' id='word_1_36' title='bbox 400 801 719 877; x_wconf 86' lang='lat' dir='ltr'>Venerem</span> <span class='ocrx_word' id='word_1_37' title='bbox 741 862 762 888; x_wconf 90' lang='lat'><em>,</em></span> <span class='ocrx_word' id='word_1_38' title='bbox 805 827 881 877; x_wconf 88' lang='lat' dir='ltr'>ac</span> <span class='ocrx_word' id='word_1_39' title='bbox 917 803 1136 878; x_wconf 77' lang='lat' dir='ltr'>desino</span> <span class='ocrx_word' id='word_1_40' title='bbox 1175 829 1323 875; x_wconf 88' lang='lat' dir='ltr'>cum</span> <span class='ocrx_word' id='word_1_41' title='bbox 1352 829 1435 872; x_wconf 92' lang='lat'>10</span> <span class='ocrx_word' id='word_1_42' title='bbox 1464 807 1531 874; x_wconf 89' lang='lat' dir='ltr'>in</span> <span class='ocrx_word' id='word_1_43' title='bbox 1553 807 1929 887; x_wconf 85' lang='lat' dir='ltr'>Mercurio,</span> <span class='ocrx_word' id='word_1_44' title='bbox 1970 808 2081 899; x_wconf 89' lang='lat' dir='ltr'>qui</span> <span class='ocrx_word' id='word_1_45' title='bbox 2104 802 2198 875; x_wconf 89' lang='lat' dir='ltr'>est</span> 
     </span>
     <span class='ocr_line' id='line_1_7' title="bbox 229 897 2197 997; baseline 0 -29"><span class='ocrx_word' id='word_1_46' title='bbox 229 897 495 969; x_wconf 87' lang='lat' dir='ltr'>Planeta</span> <span class='ocrx_word' id='word_1_47' title='bbox 517 921 740 993; x_wconf 87' lang='lat' dir='ltr'>regens</span> <span class='ocrx_word' id='word_1_48' title='bbox 759 900 987 976; x_wconf 85' lang='lat' dir='ltr'>horam</span> <span class='ocrx_word' id='word_1_49' title='bbox 1012 926 1097 970; x_wconf 90' lang='lat'>10</span> <span class='ocrx_word' id='word_1_50' title='bbox 1115 900 1243 968; x_wconf 89' lang='lat' dir='ltr'>diei</span> <span class='ocrx_word' id='word_1_51' title='bbox 1260 900 1522 971; x_wconf 88' lang='lat' dir='ltr'>Martis.</span> <span class='ocrx_word' id='word_1_52' title='bbox 1569 905 1733 969; x_wconf 89' lang='lat' dir='ltr'>Item</span> <span class='ocrx_word' id='word_1_53' title='bbox 1749 955 1770 981; x_wconf 90' lang='lat'><em>,</em></span> <span class='ocrx_word' id='word_1_54' title='bbox 1801 897 1960 969; x_wconf 89' lang='lat' dir='ltr'>scire</span> <span class='ocrx_word' id='word_1_55' title='bbox 1997 922 2197 997; x_wconf 84' lang='lat' dir='ltr'>expe-</span> 
     </span>
     <span class='ocr_line' id='line_1_8' title="bbox 226 992 2194 1091; baseline 0.002 -30"><span class='ocrx_word' id='word_1_56' title='bbox 226 1012 307 1061; x_wconf 87' lang='lat' dir='ltr'>to</span> <span class='ocrx_word' id='word_1_57' title='bbox 324 1048 345 1073; x_wconf 93' lang='lat'><em>,</em></span> <span class='ocrx_word' id='word_1_58' title='bbox 393 997 541 1087; x_wconf 87' lang='lat' dir='ltr'>quis</span> <span class='ocrx_word' id='word_1_59' title='bbox 575 992 837 1065; x_wconf 88' lang='lat' dir='ltr'>Planeta</span> <span class='ocrx_word' id='word_1_60' title='bbox 855 1015 1035 1091; x_wconf 86' lang='lat' dir='ltr'>regat</span> <span class='ocrx_word' id='word_1_61' title='bbox 1057 993 1285 1063; x_wconf 89' lang='lat' dir='ltr'>horam</span> <span class='ocrx_word' id='word_1_62' title='bbox 1324 1016 1362 1084; x_wconf 94' lang='lat'><em>5</em></span> <span class='ocrx_word' id='word_1_63' title='bbox 1404 994 1784 1062; x_wconf 61' lang='lat' dir='ltr'>nocturnam</span> <span class='ocrx_word' id='word_1_64' title='bbox 1823 993 1953 1064; x_wconf 91' lang='lat' dir='ltr'>diei</span> <span class='ocrx_word' id='word_1_65' title='bbox 1972 995 2194 1077; x_wconf 82' lang='lat' dir='ltr'>Lunae,</span> 
     </span>
     <span class='ocr_line' id='line_1_9' title="bbox 226 1084 2195 1183; baseline 0.003 -29"><span class='ocrx_word' id='word_1_66' title='bbox 226 1084 361 1155; x_wconf 90' lang='lat' dir='ltr'>hoc</span> <span class='ocrx_word' id='word_1_67' title='bbox 381 1084 474 1157; x_wconf 87' lang='lat' dir='ltr'>est</span> <span class='ocrx_word' id='word_1_68' title='bbox 495 1144 514 1169; x_wconf 93' lang='lat'><strong><em>,</em></strong></span> <span class='ocrx_word' id='word_1_69' title='bbox 538 1086 768 1158; x_wconf 86' lang='lat' dir='ltr'>horam</span> <span class='ocrx_word' id='word_1_70' title='bbox 800 1116 878 1172; x_wconf 85' lang='lat'>17</span> <span class='ocrx_word' id='word_1_71' title='bbox 898 1091 934 1155; x_wconf 69' lang='lat' dir='ltr'>a</span> <span class='ocrx_word' id='word_1_72' title='bbox 959 1087 1361 1183; x_wconf 83' lang='lat' dir='ltr'>praecedente</span> <span class='ocrx_word' id='word_1_73' title='bbox 1382 1107 1612 1156; x_wconf 88' lang='lat' dir='ltr'>exortu</span> <span class='ocrx_word' id='word_1_74' title='bbox 1638 1086 1828 1155; x_wconf 87' lang='lat' dir='ltr'>Solis.</span> <span class='ocrx_word' id='word_1_75' title='bbox 1868 1092 2195 1183; x_wconf 84' lang='lat' dir='ltr'>Incipiens</span> 
     </span>
     <span class='ocr_line' id='line_1_10' title="bbox 221 1178 2191 1279; baseline 0.002 -31"><span class='ocrx_word' id='word_1_76' title='bbox 221 1202 389 1274; x_wconf 90' lang='lat' dir='ltr'>ergo</span> <span class='ocrx_word' id='word_1_77' title='bbox 413 1178 642 1251; x_wconf 89' lang='lat' dir='ltr'>horam</span> <span class='ocrx_word' id='word_1_78' title='bbox 667 1184 942 1279; x_wconf 84' lang='lat' dir='ltr'>primam</span> <span class='ocrx_word' id='word_1_79' title='bbox 964 1187 1002 1253; x_wconf 72' lang='lat' dir='ltr'>a</span> <span class='ocrx_word' id='word_1_80' title='bbox 1025 1187 1210 1262; x_wconf 85' lang='lat' dir='ltr'>Luna</span> <span class='ocrx_word' id='word_1_81' title='bbox 1231 1237 1250 1262; x_wconf 93' lang='lat'><em>,</em></span> <span class='ocrx_word' id='word_1_82' title='bbox 1292 1184 1366 1249; x_wconf 87' lang='lat'>&amp;</span> <span class='ocrx_word' id='word_1_83' title='bbox 1406 1202 1743 1249; x_wconf 88' lang='lat' dir='ltr'>numerans</span> <span class='ocrx_word' id='word_1_84' title='bbox 1772 1182 2191 1252; x_wconf 86' lang='lat' dir='ltr'>circumcirca</span> 
     </span>
     <span class='ocr_line' id='line_1_11' title="bbox 221 1271 2191 1371; baseline 0.002 -29"><span class='ocrx_word' id='word_1_85' title='bbox 221 1277 292 1342; x_wconf 89' lang='lat' dir='ltr'>in</span> <span class='ocrx_word' id='word_1_86' title='bbox 319 1300 401 1355; x_wconf 90' lang='lat'>17</span> <span class='ocrx_word' id='word_1_87' title='bbox 421 1333 444 1358; x_wconf 92' lang='lat'><em>,</em></span> <span class='ocrx_word' id='word_1_88' title='bbox 485 1274 707 1347; x_wconf 79' lang='lat' dir='ltr'>desino</span> <span class='ocrx_word' id='word_1_89' title='bbox 724 1280 791 1347; x_wconf 91' lang='lat' dir='ltr'>in</span> <span class='ocrx_word' id='word_1_90' title='bbox 811 1282 967 1350; x_wconf 86' lang='lat' dir='ltr'>Iove</span> <span class='ocrx_word' id='word_1_91' title='bbox 985 1334 1005 1359; x_wconf 89' lang='lat'>,</span> <span class='ocrx_word' id='word_1_92' title='bbox 1050 1298 1247 1371; x_wconf 89' lang='lat' dir='ltr'>quem</span> <span class='ocrx_word' id='word_1_93' title='bbox 1267 1272 1424 1344; x_wconf 89' lang='lat' dir='ltr'>dico</span> <span class='ocrx_word' id='word_1_94' title='bbox 1445 1271 1569 1344; x_wconf 82' lang='lat' dir='ltr'>effe</span> <span class='ocrx_word' id='word_1_95' title='bbox 1590 1271 1932 1342; x_wconf 87' lang='lat' dir='ltr'>dominum</span> <span class='ocrx_word' id='word_1_96' title='bbox 1973 1298 2050 1344; x_wconf 85' lang='lat' dir='ltr'>ac</span> <span class='ocrx_word' id='word_1_97' title='bbox 2084 1273 2191 1345; x_wconf 78' lang='lat' dir='ltr'>re-</span> 
     </span>
     <span class='ocr_line' id='line_1_12' title="bbox 160 1365 2189 1467; baseline 0.002 -30"><span class='ocrx_word' id='word_1_98' title='bbox 160 1427 176 1445; x_wconf 82' lang='lat'><strong>.</strong></span> <span class='ocrx_word' id='word_1_99' title='bbox 219 1369 473 1441; x_wconf 69' lang='lat' dir='ltr'>&amp;orem</span> <span class='ocrx_word' id='word_1_100' title='bbox 506 1371 685 1441; x_wconf 84' lang='lat' dir='ltr'>horae</span> <span class='ocrx_word' id='word_1_101' title='bbox 703 1394 743 1467; x_wconf 90' lang='lat'><em>5</em></span> <span class='ocrx_word' id='word_1_102' title='bbox 767 1371 1095 1445; x_wconf 61' lang='lat' dir='ltr'>nodkurnae</span> <span class='ocrx_word' id='word_1_103' title='bbox 1133 1368 1265 1442; x_wconf 88' lang='lat' dir='ltr'>diei</span> <span class='ocrx_word' id='word_1_104' title='bbox 1303 1372 1525 1452; x_wconf 60' lang='lat' dir='ltr'>Lunx.</span> <span class='ocrx_word' id='word_1_105' title='bbox 1551 1374 1629 1441; x_wconf 89' lang='lat' dir='ltr'>In</span> <span class='ocrx_word' id='word_1_106' title='bbox 1651 1365 1789 1441; x_wconf 85' lang='lat' dir='ltr'>aliis</span> <span class='ocrx_word' id='word_1_107' title='bbox 1816 1366 1990 1439; x_wconf 88' lang='lat' dir='ltr'>horis</span> <span class='ocrx_word' id='word_1_108' title='bbox 2013 1368 2189 1441; x_wconf 88' lang='lat' dir='ltr'>idem</span> 
     </span>
    </p>

    <p class='ocr_par' dir='ltr' id='par_1_4' title="bbox 204 1462 2060 1562">
     <span class='ocr_line' id='line_1_13' title="bbox 204 1462 2060 1562; baseline 0.004 -25"><span class='ocrx_word' id='word_1_109' title='bbox 204 1462 310 1537; x_wconf 70' lang='lat' dir='ltr'>est</span> <span class='ocrx_word' id='word_1_110' title='bbox 327 1465 595 1562; x_wconf 73' lang='lat' dir='ltr'>process</span> <span class='ocrx_word' id='word_1_111' title='bbox 584 1493 680 1539; x_wconf 87' lang='lat' dir='ltr'>us.</span> <span class='ocrx_word' id='word_1_112' title='bbox 2059 1511 2060 1514; x_wconf 36' lang='lat'>¹</span> 
     </span>
    </p>
   </div>
   <div class='ocr_carea' id='block_1_4' title="bbox 448 1652 1970 1730">
    <p class='ocr_par' dir='ltr' id='par_1_5' title="bbox 448 1652 1970 1730">
     <span class='ocr_line' id='line_1_14' title="bbox 448 1652 1970 1730; baseline -0.004 -1"><span class='ocrx_word' id='word_1_113' title='bbox 448 1655 858 1729; x_wconf 86' lang='lat' dir='ltr'><strong>XLVIII.</strong></span> <span class='ocrx_word' id='word_1_114' title='bbox 975 1660 1031 1730; x_wconf 90' lang='lat' dir='ltr'>P</span> <span class='ocrx_word' id='word_1_115' title='bbox 1099 1656 1166 1728; x_wconf 89' lang='lat' dir='ltr'>R</span> <span class='ocrx_word' id='word_1_116' title='bbox 1228 1656 1302 1727; x_wconf 93' lang='lat' dir='ltr'>O</span> <span class='ocrx_word' id='word_1_117' title='bbox 1370 1656 1544 1724; x_wconf 93' lang='lat' dir='ltr'>BL</span> <span class='ocrx_word' id='word_1_118' title='bbox 1608 1655 1664 1724; x_wconf 89' lang='lat' dir='ltr'>E</span> <span class='ocrx_word' id='word_1_119' title='bbox 1726 1652 1970 1724; x_wconf 79' lang='lat' dir='ltr'>MA.‘</span> 
     </span>
    </p>
   </div>
   <div class='ocr_carea' id='block_1_5' title="bbox 209 1795 2181 2321">
    <p class='ocr_par' dir='ltr' id='par_1_6' title="bbox 209 1795 2181 2321">
     <span class='ocr_line' id='line_1_15' title="bbox 313 1795 2090 1910; baseline 0.002 -30"><span class='ocrx_word' id='word_1_120' title='bbox 313 1815 502 1910; x_wconf 74' lang='lat' dir='ltr'>th‘us</span> <span class='ocrx_word' id='word_1_121' title='bbox 520 1815 620 1882; x_wconf 81' lang='lat' dir='ltr'>loci</span> <span class='ocrx_word' id='word_1_122' title='bbox 640 1819 701 1883; x_wconf 82' lang='lat' dir='ltr'>in</span> <span class='ocrx_word' id='word_1_123' title='bbox 721 1795 952 1905; x_wconf 76' lang='lat' dir='ltr'>Sphaera</span> <span class='ocrx_word' id='word_1_124' title='bbox 963 1834 1120 1884; x_wconf 80' lang='lat' dir='ltr'>teme</span> <span class='ocrx_word' id='word_1_125' title='bbox 1135 1816 1335 1883; x_wconf 76' lang='lat' dir='ltr'>vertici</span> <span class='ocrx_word' id='word_1_126' title='bbox 1354 1813 1450 1880; x_wconf 82' lang='lat' dir='ltr'>Sol</span> <span class='ocrx_word' id='word_1_127' title='bbox 1466 1808 1758 1881; x_wconf 70' lang='lat' dir='ltr'>incumbat</span> <span class='ocrx_word' id='word_1_128' title='bbox 1776 1808 1858 1879; x_wconf 85' lang='lat' dir='ltr'>ad</span> <span class='ocrx_word' id='word_1_129' title='bbox 1878 1808 2090 1884; x_wconf 76' lang='lat' dir='ltr'>datum</span> 
     </span>
     <span class='ocr_line' id='line_1_16' title="bbox 923 1911 1502 1997; baseline -0.002 -23"><span class='ocrx_word' id='word_1_130' title='bbox 923 1927 1137 1997; x_wconf 85' lang='lat' dir='ltr'>tempus</span> <span class='ocrx_word' id='word_1_131' title='bbox 1157 1961 1178 1987; x_wconf 89' lang='lat'>‚</span> <span class='ocrx_word' id='word_1_132' title='bbox 1217 1911 1502 1975; x_wconf 52' lang='lat' dir='ltr'>invenire:</span> 
     </span>
     <span class='ocr_line' id='line_1_17' title="bbox 340 2020 2181 2119; baseline 0.003 -27"><span class='ocrx_word' id='word_1_133' title='bbox 340 2025 453 2094; x_wconf 91' lang='lat' dir='ltr'>Ro</span> <span class='ocrx_word' id='word_1_134' title='bbox 472 2021 771 2118; x_wconf 83' lang='lat' dir='ltr'>exemplo</span> <span class='ocrx_word' id='word_1_135' title='bbox 790 2025 1186 2119; x_wconf 85' lang='lat' dir='ltr'>inquiremus</span> <span class='ocrx_word' id='word_1_136' title='bbox 1203 2024 1461 2094; x_wconf 83' lang='lat' dir='ltr'>cuinam</span> <span class='ocrx_word' id='word_1_137' title='bbox 1494 2020 1653 2102; x_wconf 84' lang='lat' dir='ltr'>loco</span> <span class='ocrx_word' id='word_1_138' title='bbox 1683 2040 1872 2092; x_wconf 85' lang='lat' dir='ltr'>terrae</span> <span class='ocrx_word' id='word_1_139' title='bbox 1898 2024 2013 2096; x_wconf 88' lang='lat' dir='ltr'>Sol</span> <span class='ocrx_word' id='word_1_140' title='bbox 2034 2050 2181 2098; x_wconf 87' lang='lat' dir='ltr'>ver-</span> 
     </span>
     <span class='ocr_line' id='line_1_18' title="bbox 335 2113 2181 2209; baseline 0.002 -22"><span class='ocrx_word' id='word_1_141' title='bbox 335 2113 505 2187; x_wconf 75' lang='lat' dir='ltr'>sttui·</span> <span class='ocrx_word' id='word_1_142' title='bbox 529 2121 595 2188; x_wconf 92' lang='lat' dir='ltr'>in</span> <span class='ocrx_word' id='word_1_143' title='bbox 631 2118 870 2190; x_wconf 89' lang='lat' dir='ltr'>Zenith</span> <span class='ocrx_word' id='word_1_144' title='bbox 906 2118 1016 2186; x_wconf 90' lang='lat' dir='ltr'>die</span> <span class='ocrx_word' id='word_1_145' title='bbox 1035 2141 1124 2188; x_wconf 85' lang='lat'>21</span> <span class='ocrx_word' id='word_1_146' title='bbox 1151 2116 1317 2209; x_wconf 81' lang='lat' dir='ltr'>Maji</span> <span class='ocrx_word' id='word_1_147' title='bbox 1335 2168 1357 2202; x_wconf 91' lang='lat'>‚</span> <span class='ocrx_word' id='word_1_148' title='bbox 1376 2138 1380 2142; x_wconf 69' lang='grc'><em>’</em></span> <span class='ocrx_word' id='word_1_149' title='bbox 1399 2139 1548 2185; x_wconf 89' lang='lat' dir='ltr'>cum</span> <span class='ocrx_word' id='word_1_150' title='bbox 1586 2114 2050 2189; x_wconf 79' lang='lat' dir='ltr'>Amste‘lodami</span> <span class='ocrx_word' id='word_1_151' title='bbox 2089 2120 2181 2191; x_wconf 88' lang='lat' dir='ltr'>est</span> 
     </span>
     <span class='ocr_line' id='line_1_19' title="bbox 209 2219 2180 2321; baseline 0.002 -26"><span class='ocrx_word' id='word_1_152' title='bbox 209 2222 376 2295; x_wconf 85' lang='lat' dir='ltr'>hora</span> <span class='ocrx_word' id='word_1_153' title='bbox 415 2225 724 2296; x_wconf 86' lang='lat' dir='ltr'>matutina</span> <span class='ocrx_word' id='word_1_154' title='bbox 759 2230 838 2316; x_wconf 54' lang='lat'>6}</span> <span class='ocrx_word' id='word_1_155' title='bbox 857 2277 881 2312; x_wconf 81' lang='lat'>‚</span> <span class='ocrx_word' id='word_1_156' title='bbox 915 2219 1021 2295; x_wconf 88' lang='lat' dir='ltr'>seu</span> <span class='ocrx_word' id='word_1_157' title='bbox 1065 2234 1143 2321; x_wconf 62' lang='lat'>5}</span> <span class='ocrx_word' id='word_1_158' title='bbox 1181 2244 1331 2293; x_wconf 84' lang='lat' dir='ltr'>ante</span> <span class='ocrx_word' id='word_1_159' title='bbox 1360 2220 1717 2294; x_wconf 89' lang='lat' dir='ltr'>meridiem.</span> <span class='ocrx_word' id='word_1_160' title='bbox 1767 2224 2180 2299; x_wconf 85' lang='lat' dir='ltr'>Amsteloda·</span> 
     </span>
    </p>
   </div>
   <div class='ocr_carea' id='block_1_6' title="bbox 194 2328 2171 2616">
    <p class='ocr_par' dir='ltr' id='par_1_7' title="bbox 194 2328 2171 2616">
     <span class='ocr_line' id='line_1_20' title="bbox 194 2328 2169 2427; baseline 0.003 -28"><span class='ocrx_word' id='word_1_161' title='bbox 194 2354 391 2401; x_wconf 81' lang='lat' dir='ltr'>mum</span> <span class='ocrx_word' id='word_1_162' title='bbox 410 2331 558 2402; x_wconf 91' lang='lat' dir='ltr'>loca</span> <span class='ocrx_word' id='word_1_163' title='bbox 577 2329 692 2404; x_wconf 87' lang='lat' dir='ltr'>sub</span> <span class='ocrx_word' id='word_1_164' title='bbox 712 2331 1069 2405; x_wconf 86' lang='lat' dir='ltr'>meridiano</span> <span class='ocrx_word' id='word_1_165' title='bbox 1093 2390 1114 2416; x_wconf 90' lang='lat'>‚</span> <span class='ocrx_word' id='word_1_166' title='bbox 1163 2328 1543 2401; x_wconf 89' lang='lat' dir='ltr'>&amp;indicem</span> <span class='ocrx_word' id='word_1_167' title='bbox 1580 2330 1836 2427; x_wconf 88' lang='lat' dir='ltr'>applica</span> <span class='ocrx_word' id='word_1_168' title='bbox 1851 2332 2030 2404; x_wconf 68' lang='lat' dir='ltr'>horae</span> <span class='ocrx_word' id='word_1_169' title='bbox 2057 2357 2169 2420; x_wconf 86' lang='lat'>12,</span> 
     </span>
     <span class='ocr_line' id='line_1_21' title="bbox 202 2424 2171 2522; baseline 0.003 -28"><span class='ocrx_word' id='word_1_170' title='bbox 202 2424 609 2522; x_wconf 88' lang='lat' dir='ltr'>globumque</span> <span class='ocrx_word' id='word_1_171' title='bbox 650 2447 827 2500; x_wconf 85' lang='lat' dir='ltr'>verte</span> <span class='ocrx_word' id='word_1_172' title='bbox 863 2431 934 2499; x_wconf 92' lang='lat' dir='ltr'>in</span> <span class='ocrx_word' id='word_1_173' title='bbox 967 2424 1376 2499; x_wconf 89' lang='lat' dir='ltr'>occidentem</span> <span class='ocrx_word' id='word_1_174' title='bbox 1412 2426 1614 2520; x_wconf 88' lang='lat' dir='ltr'>(quia</span> <span class='ocrx_word' id='word_1_175' title='bbox 1648 2446 1796 2498; x_wconf 87' lang='lat' dir='ltr'>ante</span> <span class='ocrx_word' id='word_1_176' title='bbox 1833 2425 2171 2501; x_wconf 85' lang='lat' dir='ltr'>meridiem</span> 
     </span>
     <span class='ocr_line' id='line_1_22' title="bbox 209 2517 2169 2616; baseline 0.003 -27"><span class='ocrx_word' id='word_1_177' title='bbox 209 2543 362 2590; x_wconf 89' lang='lat' dir='ltr'>cum</span> <span class='ocrx_word' id='word_1_178' title='bbox 377 2517 455 2591; x_wconf 85' lang='lat' dir='ltr'>fit</span> <span class='ocrx_word' id='word_1_179' title='bbox 475 2574 496 2608; x_wconf 91' lang='lat'>,</span> <span class='ocrx_word' id='word_1_180' title='bbox 537 2523 650 2594; x_wconf 90' lang='lat' dir='ltr'>Sol</span> <span class='ocrx_word' id='word_1_181' title='bbox 668 2521 759 2592; x_wconf 89' lang='lat' dir='ltr'>est</span> <span class='ocrx_word' id='word_1_182' title='bbox 776 2522 862 2593; x_wconf 85' lang='lat' dir='ltr'>ab</span> <span class='ocrx_word' id='word_1_183' title='bbox 882 2521 1370 2594; x_wconf 89' lang='lat' dir='ltr'>Amstelodamo</span> <span class='ocrx_word' id='word_1_184' title='bbox 1412 2521 1790 2616; x_wconf 87' lang='lat' dir='ltr'>orientalis)</span> <span class='ocrx_word' id='word_1_185' title='bbox 1826 2521 2039 2595; x_wconf 91' lang='lat' dir='ltr'>donec</span> <span class='ocrx_word' id='word_1_186' title='bbox 2060 2528 2169 2594; x_wconf 88' lang='lat' dir='ltr'>in-</span> 
     </span>
    </p>
   </div>
   <div class='ocr_carea' id='block_1_7' title="bbox 205 2626 2174 2727">
    <p class='ocr_par' dir='ltr' id='par_1_8' title="bbox 205 2626 2174 2727">
     <span class='ocr_line' id='line_1_23' title="bbox 205 2626 2174 2727; baseline 0.001 -27"><span class='ocrx_word' id='word_1_187' title='bbox 205 2626 333 2700; x_wconf 84' lang='lat' dir='ltr'>dex</span> <span class='ocrx_word' id='word_1_188' title='bbox 356 2629 740 2727; x_wconf 88' lang='lat' dir='ltr'>pertranseat</span> <span class='ocrx_word' id='word_1_189' title='bbox 760 2632 951 2703; x_wconf 86' lang='lat' dir='ltr'>horas</span> <span class='ocrx_word' id='word_1_190' title='bbox 980 2642 1055 2726; x_wconf 63' lang='lat'>5÷</span> <span class='ocrx_word' id='word_1_191' title='bbox 1072 2661 1094 2715; x_wconf 86' lang='lat'>3</span> <span class='ocrx_word' id='word_1_192' title='bbox 1124 2650 1262 2701; x_wconf 90' lang='lat' dir='ltr'>tum</span> <span class='ocrx_word' id='word_1_193' title='bbox 1280 2628 1467 2699; x_wconf 86' lang='lat' dir='ltr'>firma</span> <span class='ocrx_word' id='word_1_194' title='bbox 1485 2628 1758 2725; x_wconf 88' lang='lat' dir='ltr'>globum</span> <span class='ocrx_word' id='word_1_195' title='bbox 1778 2686 1799 2711; x_wconf 92' lang='lat'><em>,</em></span> <span class='ocrx_word' id='word_1_196' title='bbox 1845 2635 1921 2700; x_wconf 87' lang='lat'>&amp;</span> <span class='ocrx_word' id='word_1_197' title='bbox 1942 2656 2174 2703; x_wconf 88' lang='lat' dir='ltr'>nume-</span> 
     </span>
    </p>
   </div>
   <div class='ocr_carea' id='block_1_8' title="bbox 130 2735 2170 3115">
    <p class='ocr_par' dir='ltr' id='par_1_9' title="bbox 130 2735 2170 3115">
     <span class='ocr_line' id='line_1_24' title="bbox 130 2735 2170 2835; baseline 0.002 -32"><span class='ocrx_word' id='word_1_198' title='bbox 130 2810 138 2835; x_wconf 44' lang='lat'><em>,</em></span> <span class='ocrx_word' id='word_1_199' title='bbox 201 2756 277 2804; x_wconf 89' lang='lat' dir='ltr'>ra</span> <span class='ocrx_word' id='word_1_200' title='bbox 295 2735 790 2808; x_wconf 88' lang='lat' dir='ltr'>declinationem</span> <span class='ocrx_word' id='word_1_201' title='bbox 812 2737 981 2808; x_wconf 89' lang='lat' dir='ltr'>Solis</span> <span class='ocrx_word' id='word_1_202' title='bbox 1003 2739 1137 2831; x_wconf 90' lang='lat' dir='ltr'>ejus</span> <span class='ocrx_word' id='word_1_203' title='bbox 1158 2737 1289 2806; x_wconf 89' lang='lat' dir='ltr'>diei</span> <span class='ocrx_word' id='word_1_204' title='bbox 1331 2736 1360 2827; x_wconf 86' lang='lat'>(</span> <span class='ocrx_word' id='word_1_205' title='bbox 1382 2757 1525 2829; x_wconf 87' lang='lat' dir='ltr'>quae</span> <span class='ocrx_word' id='word_1_206' title='bbox 1546 2757 1663 2828; x_wconf 90' lang='lat' dir='ltr'>per</span> <span class='ocrx_word' id='word_1_207' title='bbox 1706 2760 1792 2803; x_wconf 89' lang='lat'>10</span> <span class='ocrx_word' id='word_1_208' title='bbox 1829 2735 2170 2830; x_wconf 88' lang='lat' dir='ltr'>problema</span> 
     </span>
     <span class='ocr_line' id='line_1_25' title="bbox 200 2824 2170 2927; baseline 0 -27"><span class='ocrx_word' id='word_1_209' title='bbox 200 2827 296 2900; x_wconf 88' lang='lat' dir='ltr'>est</span> <span class='ocrx_word' id='word_1_210' title='bbox 327 2829 497 2927; x_wconf 77' lang='lat' dir='ltr'>quasi</span> <span class='ocrx_word' id='word_1_211' title='bbox 533 2855 618 2901; x_wconf 81' lang='lat'>21</span> <span class='ocrx_word' id='word_1_212' title='bbox 658 2829 974 2927; x_wconf 85' lang='lat' dir='ltr'>graduum</span> <span class='ocrx_word' id='word_1_213' title='bbox 1010 2829 1337 2921; x_wconf 88' lang='lat' dir='ltr'>borealis)</span> <span class='ocrx_word' id='word_1_214' title='bbox 1380 2832 1446 2894; x_wconf 90' lang='lat' dir='ltr'>in</span> <span class='ocrx_word' id='word_1_215' title='bbox 1468 2824 1825 2899; x_wconf 86' lang='lat' dir='ltr'>meridiano</span> <span class='ocrx_word' id='word_1_216' title='bbox 1843 2829 1927 2898; x_wconf 87' lang='lat' dir='ltr'>ab</span> <span class='ocrx_word' id='word_1_217' title='bbox 1948 2852 2170 2924; x_wconf 85' lang='lat' dir='ltr'>aequa-</span> 
     </span>
     <span class='ocr_line' id='line_1_26' title="bbox 190 2919 2165 3019; baseline 0.001 -26"><span class='ocrx_word' id='word_1_218' title='bbox 190 2932 351 2997; x_wconf 65' lang='lat' dir='ltr'>‘tore</span> <span class='ocrx_word' id='word_1_219' title='bbox 371 2926 453 2995; x_wconf 92' lang='lat' dir='ltr'>ad</span> <span class='ocrx_word' id='word_1_220' title='bbox 475 2927 746 2998; x_wconf 87' lang='lat' dir='ltr'>boream</span> <span class='ocrx_word' id='word_1_221' title='bbox 772 2957 793 3010; x_wconf 82' lang='lat'>3</span> <span class='ocrx_word' id='word_1_222' title='bbox 839 2929 912 2994; x_wconf 89' lang='lat'>&amp;</span> <span class='ocrx_word' id='word_1_223' title='bbox 935 2922 1181 3019; x_wconf 88' lang='lat' dir='ltr'>fignum</span> <span class='ocrx_word' id='word_1_224' title='bbox 1202 2921 1297 2993; x_wconf 89' lang='lat' dir='ltr'>ibi</span> <span class='ocrx_word' id='word_1_225' title='bbox 1317 2924 1409 2989; x_wconf 90' lang='lat' dir='ltr'>im</span> <span class='ocrx_word' id='word_1_226' title='bbox 1458 2924 1618 2990; x_wconf 86' lang='lat' dir='ltr'>rime</span> <span class='ocrx_word' id='word_1_227' title='bbox 1631 2919 1842 3016; x_wconf 91' lang='lat' dir='ltr'>globo</span> <span class='ocrx_word' id='word_1_228' title='bbox 1865 2925 2165 3011; x_wconf 86' lang='lat' dir='ltr'>terrestri,</span> 
     </span>
     <span class='ocr_line' id='line_1_27' title="bbox 205 3015 2163 3115; baseline 0.002 -27"><span class='ocrx_word' id='word_1_229' title='bbox 205 3021 391 3115; x_wconf 89' lang='lat' dir='ltr'>quod</span> <span class='ocrx_word' id='word_1_230' title='bbox 410 3022 652 3094; x_wconf 88' lang='lat' dir='ltr'>incidet</span> <span class='ocrx_word' id='word_1_231' title='bbox 674 3023 739 3089; x_wconf 90' lang='lat' dir='ltr'>in</span> <span class='ocrx_word' id='word_1_232' title='bbox 758 3018 1160 3091; x_wconf 89' lang='lat' dir='ltr'>latitudinem</span> <span class='ocrx_word' id='word_1_233' title='bbox 1203 3017 1366 3087; x_wconf 89' lang='lat' dir='ltr'>bore</span> <span class='ocrx_word' id='word_1_234' title='bbox 1427 3039 1532 3101; x_wconf 84' lang='lat' dir='ltr'>em</span> <span class='ocrx_word' id='word_1_235' title='bbox 1571 3015 1886 3113; x_wconf 88' lang='lat' dir='ltr'>graduum</span> <span class='ocrx_word' id='word_1_236' title='bbox 1928 3043 2015 3090; x_wconf 85' lang='lat'>21</span> <span class='ocrx_word' id='word_1_237' title='bbox 2037 3080 2056 3105; x_wconf 94' lang='lat'><em>,</em></span> <span class='ocrx_word' id='word_1_238' title='bbox 2086 3025 2163 3092; x_wconf 79' lang='grc' dir='ltr'>δε</span> 
     </span>
    </p>
   </div>
   <div class='ocr_carea' id='block_1_9' title="bbox 202 3121 2275 3226">
    <p class='ocr_par' dir='ltr' id='par_1_10' title="bbox 202 3121 2275 3226">
     <span class='ocr_line' id='line_1_28' title="bbox 202 3121 2275 3226; baseline 0.003 -31"><span class='ocrx_word' id='word_1_239' title='bbox 202 3129 271 3196; x_wconf 91' lang='lat' dir='ltr'>in</span> <span class='ocrx_word' id='word_1_240' title='bbox 300 3127 703 3226; x_wconf 88' lang='lat' dir='ltr'>longitudine</span> <span class='ocrx_word' id='word_1_241' title='bbox 759 3124 1019 3197; x_wconf 87' lang='lat' dir='ltr'>distabit</span> <span class='ocrx_word' id='word_1_242' title='bbox 1077 3124 1161 3196; x_wconf 88' lang='lat' dir='ltr'>ab</span> <span class='ocrx_word' id='word_1_243' title='bbox 1222 3121 1703 3197; x_wconf 84' lang='lat' dir='ltr'>Amstelodamo</span> <span class='ocrx_word' id='word_1_244' title='bbox 1737 3123 1972 3222; x_wconf 84' lang='lat' dir='ltr'>gradus</span> <span class='ocrx_word' id='word_1_245' title='bbox 2013 3129 2163 3214; x_wconf 58' lang='lat'>825,</span> <span class='ocrx_word' id='word_1_246' title='bbox 2268 3133 2275 3140; x_wconf 85' lang='grc'><em>“</em></span> 
     </span>
    </p>
   </div>
   <div class='ocr_carea' id='block_1_10' title="bbox 197 3233 2161 3429">
    <p class='ocr_par' dir='ltr' id='par_1_11' title="bbox 197 3233 2161 3429">
     <span class='ocr_line' id='line_1_29' title="bbox 200 3233 2161 3333; baseline 0.001 -26"><span class='ocrx_word' id='word_1_247' title='bbox 200 3259 338 3307; x_wconf 85' lang='lat' dir='ltr'>non</span> <span class='ocrx_word' id='word_1_248' title='bbox 358 3235 554 3333; x_wconf 91' lang='lat' dir='ltr'>longe</span> <span class='ocrx_word' id='word_1_249' title='bbox 571 3238 654 3309; x_wconf 89' lang='lat' dir='ltr'>ab</span> <span class='ocrx_word' id='word_1_250' title='bbox 674 3235 832 3308; x_wconf 87' lang='lat' dir='ltr'>urbe</span> <span class='ocrx_word' id='word_1_251' title='bbox 860 3235 1056 3307; x_wconf 76' lang='lat' dir='ltr'>Indiae</span> <span class='ocrx_word' id='word_1_252' title='bbox 1071 3233 1396 3307; x_wconf 89' lang='lat' dir='ltr'>orientalis</span> <span class='ocrx_word' id='word_1_253' title='bbox 1418 3239 1658 3306; x_wconf 78' lang='lat' dir='ltr'>Surasta</span> <span class='ocrx_word' id='word_1_254' title='bbox 1676 3262 1700 3318; x_wconf 86' lang='lat'>3</span> <span class='ocrx_word' id='word_1_255' title='bbox 1734 3235 1849 3328; x_wconf 89' lang='lat' dir='ltr'>qui</span> <span class='ocrx_word' id='word_1_256' title='bbox 1867 3233 2050 3309; x_wconf 88' lang='lat' dir='ltr'>locus</span> <span class='ocrx_word' id='word_1_257' title='bbox 2069 3236 2161 3308; x_wconf 87' lang='lat' dir='ltr'>est</span> 
     </span>
     <span class='ocr_line' id='line_1_30' title="bbox 197 3328 2009 3429; baseline 0.001 -25"><span class='ocrx_word' id='word_1_258' title='bbox 197 3332 385 3428; x_wconf 84' lang='lat' dir='ltr'>cujus</span> <span class='ocrx_word' id='word_1_259' title='bbox 408 3330 633 3406; x_wconf 85' lang='lat' dir='ltr'>vertici</span> <span class='ocrx_word' id='word_1_260' title='bbox 654 3334 768 3410; x_wconf 89' lang='lat' dir='ltr'>Sol</span> <span class='ocrx_word' id='word_1_261' title='bbox 789 3330 872 3404; x_wconf 86' lang='lat' dir='ltr'>ad</span> <span class='ocrx_word' id='word_1_262' title='bbox 890 3329 1113 3406; x_wconf 77' lang='lat' dir='ltr'>datum</span> <span class='ocrx_word' id='word_1_263' title='bbox 1132 3336 1387 3429; x_wconf 76' lang='lat' dir='ltr'>tempus</span> <span class='ocrx_word' id='word_1_264' title='bbox 1408 3328 1649 3404; x_wconf 61' lang='lat' dir='ltr'>directe</span> <span class='ocrx_word' id='word_1_265' title='bbox 1665 3329 2009 3405; x_wconf 87' lang='lat' dir='ltr'>incumbit.</span> 
     </span>
    </p>
   </div>
   <div class='ocr_carea' id='block_1_11' title="bbox 1179 3826 2158 3925">
    <p class='ocr_par' dir='ltr' id='par_1_12' title="bbox 1179 3826 2158 3925">
     <span class='ocr_line' id='line_1_31' title="bbox 1179 3826 2158 3925; baseline -0.007 -20"><span class='ocrx_word' id='word_1_266' title='bbox 1179 3835 1246 3905; x_wconf 89' lang='lat' dir='ltr'>G</span> <span class='ocrx_word' id='word_1_267' title='bbox 1291 3850 1340 3925; x_wconf 84' lang='lat'>4</span> <span class='ocrx_word' id='word_1_268' title='bbox 1855 3826 2158 3898; x_wconf 72' lang='lat' dir='ltr'>xtix.</span> 
     </span>
    </p>
   </div>
  </div>
 </body>
</html>
