2666 4469
422 165 634 226 PER
711 163 1193 226 TERRAM
1274 162 2033 225 lMMOBILnM.
2130 169 2234 239 ποῖ’,

669 335 749 404 L.
892 330 1866 407 PROBLEMA.

254 509 259 514 ·
274 487 511 584 Qibus
549 492 677 558 locis
698 488 877 558 Terrae
919 490 1015 557 Sol
1048 507 1243 586 tangat
1280 487 1618 561 horizontem
1653 493 1825 556 oriens
1839 506 1949 588 put
1966 484 2234 572 occidens,

575 595 577 600 ’
672 590 822 651 omni
837 604 1071 678 tempore
1083 606 1180 679 per
1198 580 1387 654 radios
1398 584 1541 653 Solis
1557 589 1826 651 invenire.

253 774 261 781 -
445 733 566 805 via
607 734 878 822 horizon
918 732 1165 830 ligneus
1199 733 1292 806 ob
1339 733 1741 809 latitudinem
1778 758 1973 831 quam
2009 731 2238 820 habet,⁴

254 743 787 921 ·Qimpediret
828 828 1045 900 radios
1085 828 1258 900 Solis
1299 830 1384 901 ad
1422 830 1556 908 hoc
1598 829 1931 926 problema
1956 824 2239 900 necesse-

248 924 448 1005 -rios,
470 925 681 1017 exime
701 926 760 991 ei
779 922 1050 1018 globum
1073 921 1428 994 terrestrem
1449 977 1469 1009 ‚
1519 928 1592 994 &
1614 947 1696 996 ex
1715 924 1831 994 filo
1850 921 2086 994 Zenith
2101 922 2240 996 loci

238 1017 365 1085 *tui
412 1015 606 1083 affixo
635 1015 908 1086 liberum
953 1013 1274 1110 suspende.
1324 1020 1501 1087 Hinc
1536 1016 1790 1088 duobus
1828 1017 1957 1088 insu
2046 1038 2077 1087 r
2110 1014 2240 1090 filis

251 1108 635 1178 -meridiano
672 1110 948 1205 alligatis
989 1108 1160 1204 apud
1200 1109 1428 1180 Polum
1467 1109 1741 1180 boreum
1766 1114 1968 1180 &aui
1998 1114 2236 1196 riuum,
2293 1190 2299 1197 ,

274 1200 551 1297 globum
570 1206 659 1273 ita
679 1202 888 1299 dirige
914 1256 935 1288 ,
977 1223 1049 1292 ut
1090 1203 1477 1275 meridianus
1518 1225 1739 1274 verum
1780 1203 1965 1274 fitum
1994 1198 2241 1297 septen-

240 1300 504 1390 strionis
548 1295 845 1393 respiciat
884 1302 959 1367 &
994 1294 1227 1381 austri3
1274 1301 1349 1366 &
1389 1295 1610 1367 locum
1658 1294 2071 1366 habitationis
2112 1315 2238 1369 tuae

269 1389 625 1466 meridiano
665 1392 886 1488 subjun
936 1414 1017 1461 e:
1063 1394 1200 1460 axis
1222 1388 1821 1488 globificdispofiti
1848 1443 1869 1477 ,
1908 1387 2237 1485 parallelus

267 1489 390 1556 erit
415 1508 562 1555 cum
583 1495 702 1559 axe
721 1416 943 1564 muncfi
970 1543 990 1574 ,
1039 1490 1114 1555 δε
1135 1510 1362 1558 omnes
1399 1487 1535 1580 ejus
1558 1487 1853 1596 regiones
1886 1480 2237 1578 responde-

270 1578 431 1649 bunt
470 1581 841 1675 regionibus
888 1602 1098 1653 terrae.
1145 1584 1268 1651 His
1316 1580 1589 1677 peraais
1632 1579 1893 1651 mediet
1932 1575 2049 1649 Sol
2091 1575 2243 1673 glo-

256 1671 426 1750 bum
447 1725 466 1757 ‚
495 1678 567 1742 δε
593 1698 810 1745 cernes
827 1700 956 1746 non
975 1675 1104 1748 fine
1122 1674 1548 1747 deleaatione
1571 1671 1895 1769 sequentia
1919 1671 2061 1743 haec
2083 1691 2231 1749 tan-
2346 1737 2365 1785 ·.

268 1787 463 1860 quam
487 1769 565 1835 int
579 1773 670 1837 rei
691 1773 980 1840 veritate.
1029 1774 1074 1838 1.
1129 1772 1299 1862 Qo
1341 1770 1535 1865 paeto
1564 1767 2047 1844 fictitiusrerrae
2081 1761 2236 1861 glo-

271 1858 391 1929 bus
411 1883 544 1930 non
568 1863 749 1933 aliter
771 1884 964 1955 quam
986 1882 1169 1931 verus
1191 1918 1211 1943 ,
1258 1887 1387 1931 uno
1410 1862 1625 1933 hemis
1653 1863 1850 1933 haerio
1869 1860 2235 1945 illustretur,

262 1952 474 2022 altero
495 1952 771 2038 versetur
812 1958 876 2021 in
921 1949 1146 2024 umbra
1172 1958 1242 2023 &
1265 1954 1443 2049 quafi
1477 1975 1623 2025 tene
1672 1959 1781 2024 ris.
1836 1958 1941 2025 11.
1993 1955 2239 2030 Omni-

272 2046 392 2116 bus
416 2047 790 2141 regionibus
810 2052 875 2115 in
894 2067 1079 2141 parte
1120 2045 1414 2119 illustrata
1457 2047 1587 2116 fitis
1612 2099 1633 2131 ,
1672 2069 1756 2118 eo
1798 2065 2093 2140 tempore
2111 2041 2236 2116 effe

253 2138 445 2209 -diem
468 2192 489 2224 ,
513 2138 652 2210 aliis
672 2143 736 2208 in
761 2135 1055 2210 umbrofii
1075 2139 1304 2211 locatis
1327 2192 1350 2226 ,
1394 2139 1519 2210 esse
1541 2139 1822 2217 noe'cem.
1864 2145 1893 2211 1
1919 2143 2027 2210 11.
2074 2139 2146 2208 Si
2165 2142 2235 2215 in

256 2232 492 2305 medio
513 2231 933 2329 hemisphaerii
968 2231 1252 2306 illustrati
1285 2258 1438 2305 acus
1478 2233 1747 2315 modico
1767 2256 2235 2332 ceraeperpeu-

247 2328 635 2399 ‘diculariter
658 2327 1013 2426 superficiei
1033 2329 1223 2426 globi
1259 2328 1588 2427 affigatur,
1625 2335 1713 2401 ita
1725 2349 1800 2400 ut
1822 2329 2055 2402 nullam
2078 2351 2239 2426 pro-

255 2425 445 2520 jiciat
469 2421 762 2495 umbram
787 2427 851 2493 in
873 2423 1038 2494 hanc
1072 2444 1181 2495 aut
1202 2422 1374 2497 illam
1400 2447 1645 2520 partem
1673 2477 1693 2510 ‚
1735 2422 1840 2497 sed
1862 2444 2003 2495 tota
2024 2426 2061 2493 h
2078 2423 2233 2496 Sole

258 2516 603 2590 illustretur
626 2569 649 2602 ,
697 2519 914 2589 Solem
953 2517 1049 2588 isti
1088 2518 1249 2589 loco
1284 2519 1527 2595 directe
1560 2517 1686 2592 effe
1732 2521 1800 2590 in
1849 2516 2089 2590 Zenith
2130 2515 2234 2589 su-

268 2637 381 2709 pra
419 2616 725 2683 verticem
765 2613 1144 2684 incolarum.
1197 2613 1330 2684 IV.
1383 2616 1452 2684 Si
1488 2612 1655 2687 linea
1689 2615 1755 2695 in
1789 2613 1999 2709 globo
2035 2610 2233 2693 duca·
2289 2684 2296 2687 ,

265 2705 474 2776 turab
499 2731 630 2777 uno
658 2706 964 2779 Polorum
1006 2707 1087 2777 ad
1128 2706 1395 2777 alterum
1440 2731 1553 2802 per
1589 2707 1865 2783 mediam
1886 2724 2137 2800 partem
2159 2704 2235 2774 il-

266 2798 589 2870 lustratam
614 2852 634 2885 ‚
682 2802 984 2874 omnibus
1013 2799 1178 2869 locis
1220 2799 1333 2868 sub
1353 2823 1439 2869 eo
1462 2798 1710 2870 circulo
1746 2798 1877 2868 fitis
1896 2795 2021 2873 effe
2038 2798 2234 2869 meri-

264 2893 461 2964 diem.
510 2897 599 2964 Iis
622 2915 885 2988 quoque
907 2915 1051 2987 quae
1070 2891 1154 2962 ad
1173 2895 1489 2986 orientem
1511 2891 1624 2963 fita
1651 2890 1817 2976 sunt,
1837 2911 2090 2984 tempus
2110 2887 2235 2965 esse

162 3055 187 3062 ,,
256 3018 263 3053 ;
361 2986 782 3057 meridianum
819 3040 841 3074 ‚
949 2989 1210 3059 uoniam
1277 2984 1499 3057 Solem
1556 2985 1795 3064 habent
1862 2982 2235 3057 occidenta-

290 3105 437 3166 em3
481 3088 628 3177 q'uae
676 3105 834 3153 vero
874 3105 910 3153 a
1003 3079 1416 3154 occidentem
1435 3132 1457 3166 ‚
1502 3100 1755 3173 tempus
1793 3078 1917 3151 esse
1948 3099 2238 3152 anteme-

270 3173 584 3246 ridianum
635 3229 656 3261 ,
726 3178 879 3272 quia
940 3175 1160 3247 Solem
1178 3257 1197 3263 ,
1240 3175 1477 3246 habent
1554 3175 1765 3246 adhuc
1830 3175 2228 3248 orientalem.

260 3269 359 3338 -V.
409 3274 743 3343 Locorum
785 3273 1078 3341 omnium
1123 3290 1266 3365 quae
1310 3272 1380 3338 in
1421 3267 1714 3340 confinio
1757 3267 1918 3342 lucis
1968 3274 2042 3340 &
2089 3293 2233 3340 um·-

127 3438 132 3443 ,
272 3363 406 3434 brae
438 3364 754 3436 versantur
773 3424 792 3449 ,
836 3366 1080 3435 incolas
1105 3417 1126 3449 ,
1168 3364 1389 3436 Solem
1429 3363 1708 3459 specstare
1752 3367 1817 3437 in
1858 3365 2227 3450 horizonte3

274 3462 351 3528 &
393 3481 508 3528 eos
559 3460 817 3553 quidem
855 3461 968 3555 qui
989 3462 1024 3529 ὲ
1052 3459 1296 3529 circulo
1349 3481 1464 3554 per
1505 3460 1787 3530 medium
1806 3459 2229 3553 hemisphaerii

264 3551 558 3623 illustrati
602 3551 798 3622 duffio
844 3553 1186 3635 orientales
1234 3549 1377 3623 sunt
1417 3605 1438 3637 ,
1508 3555 1721 3625 videre
1760 3555 2218 3646 occidentem3

267 3647 432 3717 alios
474 3647 589 3739 qui
627 3645 711 3714 ab
749 3647 982 3718 eodem
1004 3648 1248 3719 circulo
1275 3646 1503 3718 distant
1527 3652 1593 3717 in
1610 3647 1913 3718 occasum
1942 3699 1962 3731 ‚
2004 3644 2224 3715 Solem

265 3763 533 3814 cernere
555 3742 892 3827 orientem,
944 3743 1004 3817 V
1028 3749 1081 3816 Ι.
1133 3745 1200 3815 Si
1243 3742 1352 3812 lux
1397 3743 1566 3814 Solis
1587 3737 2093 3839 comprehendat
2115 3756 2225 3808 ant

1269 3838 1333 3907 G
1385 3857 1425 3928 5
1754 3841 1760 3849 ’
2020 3848 2225 3899 *exce-
