2666 4469
519 246 599 309 '9⁸
790 243 799 250 ’
970 239 1098 299 ΠΕ
1169 240 1378 297 ἹῙΒἿ
1457 231 2132 298 GLOBORVM

617 334 749 411 Pro
773 336 1029 433 singulis
1051 336 1224 407 horis
1245 336 1377 405 loci
1401 338 1535 420 tui,
1562 353 1633 403 ut
1658 334 1886 405 habeas
1908 355 2159 429 tempus
2180 335 2429 410 alterius
2452 353 2478 426 ζ’

521 432 800 527 exempli
843 429 1027 502 causa
1050 483 1071 514 ‚
1120 428 1165 498 fi
1202 429 1356 502 velis
1398 427 1553 500 scire
1572 448 1774 523 quota
1812 427 1886 496 sit
1925 428 2083 497 hora
2137 434 2203 499 in
2230 436 2481 504 civitate

521 530 791 596 Bantam
815 522 1021 595 infirlae
1044 528 1206 593 Iavae
1242 528 1306 591 in
1330 524 1508 593 ludia
1526 520 1860 602 orientali,
1908 546 2057 591 cum
2082 524 2481 597 Amsteloda-

522 625 613 690 mi
633 618 724 691 est
739 643 782 688 2
802 617 1238 715 pomeridiana
1263 649 1284 701 3
1331 616 1875 685 Amstelodamum
1897 639 2167 711 appone
2190 619 2480 689 meridia..

521 739 611 785 no
630 770 650 794 ‚
691 717 765 779 &
786 711 1065 779 indicem
1085 710 1258 779 horae
1281 709 1688 780 duodecimae
1712 762 1732 793 ‚
1771 733 1848 779 ac
1871 732 2044 780 verte
2067 709 2335 805 globum
2357 712 2478 783 do·

518 829 639 875 nec
680 808 949 874 Bantam
994 803 1416 873 meridianum
1462 806 1736 897 attingat
1762 856 1782 887 ‚
1832 802 2245 897 ostendetque
2289 806 2478 877 index

517 899 743 968 horam
763 924 805 987 9
834 951 854 982 ‚
904 894 1110 991 scrup.
1144 922 1228 967 12
1253 898 1395 994 post
1429 898 1760 967 meridiem
1781 956 1798 980 ‚
1849 921 1969 992 pro
1988 917 2280 993 tempore
2298 900 2476 996 quod

516 994 637 1063 isto
659 1012 996 1061 momento
1044 995 1079 1059 a
1123 991 1391 1061 meridie
1412 992 1655 1062 effluxit
1677 995 1740 1060 iu
1770 996 2056 1062 Bantam.

611 1089 679 1157 Si
717 1085 800 1155 ad
825 1085 997 1178 idem
1041 1106 1445 1156 momentum
1466 1084 1623 1155 scire
1664 1084 1972 1156 defideres
1994 1109 2283 1181 quaenam
2322 1088 2475 1157 hora

517 1179 593 1250 fit
614 1183 815 1248 Limae
834 1184 899 1248 in
925 1183 1203 1249 Peruana
1227 1183 1493 1274 regione
1514 1232 1534 1263 ‚
1584 1179 1797 1249 indice
1822 1202 1891 1250 ut
1911 1192 2057 1250 ante
2078 1182 2437 1274 compofito
2453 1238 2471 1261 ,

519 1273 789 1345 advolve
810 1277 1060 1343 Limam
1082 1275 1439 1344 meridiano
1465 1327 1485 1358 ,
1537 1277 1610 1342 &
1631 1273 1920 1344 ostendet
1937 1279 1991 1344 is
2015 1275 2239 1344 horam
2268 1303 2335 1356 7,
2361 1275 2473 1343 scr.

524 1373 615 1460 56
658 1372 691 1437 a
736 1366 945 1439 media
981 1368 1212 1452 noete,
1263 1368 1465 1464 qualis
1504 1367 1624 1436 isto
1663 1386 1954 1461 tempore
1992 1368 2172 1437 estin
2214 1372 2479 1439 civitate

525 1462 873 1557 proposita.
2199 1489 2203 1493 *
2321 1483 2342 1497 ²
2467 1499 2472 1502 ·

876 1609 2123 1719 xmn.PROBLEMn

560 1807 791 1872 Horam
809 1801 970 1892 nostri
1008 1806 1109 1873 loci
1140 1810 1363 1899 reperire
1384 1801 1504 1872 Sole
1541 1822 1645 1872 aut
1681 1800 1843 1889 stellis
1883 1807 1943 1870 in
1984 1803 2107 1869 aliis
2125 1801 2430 1898 regionibus

643 1894 959 1979 orientibus,
981 1897 1366 1977 occidentibus,
1388 1919 1491 1966 aut
1509 1894 1591 1964 ad
1604 1918 1813 1965 certam
1822 1895 1995 1993 fhpra
2014 1896 2347 1998 hqrizontem

1181 1993 1539 2075 altitudinem
1558 1993 1804 2061 elevatis.
2035 1995 2045 2001 ’

512 2125 578 2277 Ι
606 2108 864 2210 Nquire
886 2137 1001 2209 per
1025 2112 1357 2209 problema
1377 2139 1465 2185 22
1489 2121 1562 2185 &
1588 2134 1683 2206 24
1701 2170 1718 2195 ‚
1744 2135 1870 2206 qua
1894 2112 2054 2184 hora
2076 2112 2229 2198 Sol,
2256 2114 2421 2204 stella
2449 2166 2471 2200 ,

602 2230 711 2278 aut
730 2208 901 2278 aliud
937 2208 1180 2303 fignum
1205 2207 1449 2282 caeleste
1469 2263 1489 2295 ‚
1539 2207 1796 2280 scandat
1819 2206 1995 2303 lhpra
2019 2208 2424 2280 horizontem
2451 2266 2467 2290 ,

512 2321 621 2369 aut
646 2300 806 2368 infra
828 2325 974 2368 eum
1019 2301 1394 2385 descendat,
1445 2307 1509 2372 in
1544 2305 1701 2374 Ioco
1724 2301 2080 2394 proposito.
2145 2305 2319 2370 Turn
2359 2327 2472 2395 per

509 2393 893 2463 antecedens
934 2392 1265 2486 problema
1311 2417 1525 2486 quaere
1568 2392 1904 2462 discrimen
1945 2404 2077 2460 tem
2126 2398 2258 2463 ori's
2300 2398 2474 2465 inter

508 2488 730 2558 locum
752 2484 993 2552 dietum
1041 2489 1113 2552 δε
1137 2504 1310 2553 tuam
1353 2487 1854 2555 habitationem:
1906 2507 2048 2579 quae
2094 2502 2112 2553 ι
2147 2487 2227 2556 ad
2249 2511 2472 2560 ortum

511 2579 622 2650 sita
646 2577 733 2647 est
756 2574 784 2661 ‚'
828 2576 992 2646 adde
1013 2573 1348 2647 discrimen
1390 2583 1699 2674 temporis
1741 2579 1916 2648 borae
1959 2583 2229 2652 inventae
2249 2640 2270 2664 ,
2318 2582 2363 2653 si
2385 2584 2470 2653 ad

511 2668 810 2743 occasum
834 2724 853 2754 ‚
879 2668 1168 2741 subtrahe
1186 2694 1268 2741 ex
1285 2695 1362 2742 ea
1382 2730 1401 2755 ‚
1441 2678 1514 2743 &
1537 2672 1803 2744 habebis
1823 2664 2050 2742 horam
2069 2675 2199 2744 loci
2224 2679 2315 2745 tui
2338 2701 2469 2771 qua

511 2771 575 2838 in
601 2767 729 2838 alio
752 2765 864 2836 Sol
887 2785 994 2835 aut
1030 2763 1201 2835 stella
1222 2764 1502 2840 ascendit
1538 2764 1720 2864 supra
1741 2767 2148 2839 horizontem
2168 2827 2188 2852 ,
2235 2793 2343 2841 aut
2365 2774 2469 2841 in-

511 2863 606 2934 fra
627 2885 773 2931 eum
797 2855 1145 2931 descendit.
2261 2942 2264 2943 ⁷

598 2958 687 3025 Vt
708 2955 940 3025 habeas
961 2955 1186 3027 horam
1205 2954 1333 3026 loci
1358 2961 1492 3042 tui,
1513 2954 1774 3050 quando
1795 2954 1907 3027 Sol
1930 2973 2039 3024 aut
2062 2956 2227 3027 stella
2249 2961 2311 3026 in
2335 2959 2466 3030 alio'

509 3070 748 3120 certam
771 3048 961 3120 habet
980 3048 1381 3121 altitudinem
1406 3051 1586 3146 supra
1609 3051 2016 3119 horizontem
2041 3074 2060 3118 :
2109 3073 2322 3144 quaete
2345 3077 2462 3146 per

506 3140 962 3234 24‘problema
983 3163 1273 3235 quaenam
1297 3145 1455 3215 hora
1478 3146 1551 3214 fit
1575 3147 1637 3212 in
1656 3144 1808 3212 loco
1828 3143 1983 3210 dato
2002 3194 2022 3225 ‚
2062 3145 2325 3236 quando
2345 3149 2464 3219 Sol

508 3256 618 3305 aut
644 3232 810 3304 stella
832 3237 1022 3305 talem
1041 3235 1297 3307 obtinet
1317 3238 1715 3308 altitudinem
1741 3261 1759 3303 :
1808 3258 2017 3329 eoque
2040 3240 2298 3331 peracto
2321 3296 2340 3323 ,
2383 3248 2463 3313 δε

509 3352 622 3423 per
663 3329 1042 3398 antecedens
1084 3329 1419 3424 problema
1461 3336 1713 3401 inventa
1755 3327 2111 3402 differentia
2151 3344 2461 3428 temporis

508 3427 668 3492 inter
688 3422 821 3490 duo
838 3421 946 3491 ista
969 3421 1147 3508 loca,
1198 3444 1427 3496 caetera
1448 3424 1700 3498 absolve
1719 3442 1792 3494 ut
1810 3443 1993 3494 ante:
2050 3431 2124 3497 δε
2142 3427 2461 3503 defiderio

510 3535 624 3587 tuo
644 3513 1004 3587 satisfaciesa

505 3929 519 3965 ι
1873 3848 1880 3853 ’
2154 3872 2460 3975 xtrv.
