2666 4469
340 247 2034 454 PRAEFATIOJ

1137 612 1178 666 x
1256 581 1809 681 hodiernorum
1866 587 2122 671 Astro-

1137 725 1340 779 >rum
1403 696 1787 782 sententia
1858 705 1971 786 est
2024 704 2122 786 de

1138 841 1190 892 o
1211 811 1528 906 mundi,
1576 828 1652 897 &
1695 841 1914 898 motu
1958 846 2122 899 cor-

1137 955 1196 1006 n
1277 925 1678 1010 caelestium
1702 987 1723 1010 .
1869 930 2126 1044 Aliqui

1137 1070 1198 1120 n
1238 1049 1318 1121 in
1360 1065 1636 1123 centro
1677 1039 1949 1125 mundi
1990 1075 2126 1158 po-

1169 1154 1647 1235 immobilem
1671 1213 1694 1248 ,
1750 1172 1827 1241 &
1863 1162 2123 1241 Solem

1149 1268 1503 1350 omnibus
1550 1271 1768 1353 stellis
1837 1295 1997 1352 tam
2038 1271 2119 1353 fi-
2209 1348 2223 1382 .-

148 1395 266 1472 xis
294 1413 535 1499 quam
559 1387 892 1467 erraticis
915 1389 1116 1465 circa
1137 1411 1304 1464 eam
1322 1388 1551 1464 rotari
1572 1392 1653 1463 in
1677 1384 1975 1468 orbem.
2002 1389 2119 1468 A·

150 1503 230 1582 lii
256 1502 521 1584 Solem·
541 1496 866 1580 statuunt
894 1503 974 1577 in
1001 1521 1264 1578 centro
1293 1494 1566 1577 mundi
1590 1497 2012 1608 quiescere,
2044 1513 2122 1583 δε

155 1641 435 1697 terram
463 1640 643 1695 cum
674 1615 1001 1693 Planetis
1027 1616 1224 1691 circa
1245 1637 1425 1691 eum
1446 1620 1636 1693 verti
1656 1668 1679 1703 ,
1705 1611 2123 1725 Sphaeram..

153 1758 305 1840 que
331 1728 701 1812 stellarum
728 1725 1040 1809 fixarum
1069 1721 1359 1836 prorsus
1388 1725 1888 1807 immobilem.
1914 1730 2122 1811 Prio-

149 1849 248 1922 ris
267 1839 652 1922 sententiae
675 1836 980 1923 fuerunt
1008 1835 1469 1926 Timochares,
1491 1835 2123 1952 Hspparchusaeto·

110 2035 122 2044 ,
151 1955 452 2044 lemaeus,
477 1955 876 2041 &illorum
904 1950 1206 2045 affeclae,
1228 1950 1559 2062 usquein
1587 1953 1799 2041 diem
1822 1953 2121 2037 hodier-

152 2095 374 2150 num.
434 2067 804 2147 Posterior
826 2065 1257 2148 testimonio
1274 2089 1623 2150 veterum
1646 2072 2122 2174 Scriptorum

151 2185 542 2291 antiquior
569 2177 698 2271 est,
723 2177 856 2260 etfi
877 2179 1083 2259 nulla
1103 2187 1260 2275 ejus
1283 2180 1518 2262 exstet
1545 2175 2123 2286 descriptio„sed

154 2321 336 2383 cum
365 2296 519 2376 aliis
543 2295 795 2374 multis
843 2291 1174 2373 scientiis
1225 2316 1673 2404 temporum
1719 2300 1986 2395 injuria
2007 2300 2123 2373 in·

135 2407 578 2496 terciderit.
657 2401 950 2491 Veru'm
988 2404 1312 2508 eandem
1340 2428 1464 2487 aut
1488 2407 1807 2488 fimilem
1826 2406 2119 2489 senten·

152 2528 342 2607 tiam
366 2520 466 2600 de
493 2523 1030 2606 constitutione
1052 2517 1321 2603 mundi
1352 2539 1528 2601 ante
1546 2548 1791 2603 annos
1814 2527 2122 2603 circiter

156 2658 477 2717 centum
497 2659 909 2746 ,tanquam
934 2630 977 2715 ὲ
1003 2634 1331 2714 tenebris
1357 2641 1446 2715 in*
1461 2637 1720 2718 lucem
1746 2641 2126 2718 revocavit

151 2744 767 2828 N1coLAv-s›
824 2745 896 2825 C
932 2772 1126 2826 OPE
1161 2772 1437 2829 RNIC
1475 2776 1592 2832 vs
1626 2811 1644 2840 ‚
1705 2753 1816 2831 vir
1880 2746 2122 2843 (testi-

151 2867 427 2951 monio
452 2861 725 2949 summi
751 2858 1199 2941 Astronomi
1244 2857 1321 2952 T
1342 2884 1397 2945 γ,
1425 2889 1471 2944 c
1500 2890 1559 2946 Η
1582 2891 1634 2945 0
1658 2891 1713 2947 N
1735 2888 1763 2942 1
1785 2887 1820 2941 s
1868 2863 1932 2941 B
1956 2889 2012 2941 R-
2033 2887 2124 2946 A·

153 3002 218 3057 Η
246 2985 370 3073 AE)
432 2969 662 3087 plane
682 2970 1314 3082 incomparabilis,
1414 3024 1421 3043 ι
1605 3042 1607 3045 ,

194 3116 198 3120 ·
230 3090 437 3199 Qi
483 3092 817 3199 priorem
866 3083 1314 3167 sententiam
1339 3082 1581 3173 secuti
1625 3085 1795 3169 sunt
1818 3089 2122 3172 Mathe.

151 3208 413 3283 matici
435 3256 458 3291 ‚
514 3225 598 3281 ut
643 3196 1042 3310 discipulos
1087 3195 1246 3279 suos
1299 3198 1712 3286 edocerent
1734 3201 1951 3283 fitum
1973 3227 2127 3284 ter-

150 3343 254 3401 rae
278 3374 302 3407 ,
353 3324 426 3393 δε
451 3339 701 3400 motus
751 3341 1158 3425 corporum
1184 3311 1591 3402 caelestium
1621 3325 1833 3417 juxta
1880 3316 2122 3427 hypo-

151 3423 406 3508 thefin
455 3452 663 3509 terrae
708 3424 1118 3507 immobilis
1141 3482 1164 3518 ,
1222 3435 1418 3515 varia
1437 3437 1968 3539 ‚excogitarunt
2013 3439 2126 3514 in-

153 3542 576 3626 strumenta
596 3540 692 3623 ad
717 3541 920 3622 hanc
947 3566 1106 3621 rem
1146 3565 1324 3652 apta
1344 3562 1387 3636 5³,
1422 3571 1749 3654 quorum
1774 3549 2127 3626 omnium

152 3651 676 3764 pjerfestiffima
694 3643 860 3737 sunt
882 3654 1126 3735 Globi
1152 3657 1700 3749 Astronomici,
1724 3682 1810 3741 ut
1832 3663 1963 3769 qui
1990 3658 2122 3741 sub

153 3775 435 3858 minori
505 3765 745 3849 forma
803 3768 1354 3883 repraesentent-
1411 3795 1683 3859 tetram
1716 3784 1804 3871 ,δι
1826 3772 2122 3875 ,ςκὶωη

153 3882 533 3974 stellarum
561 3879 873 3975 fixarum
898 3940 920 3979 ,
948 3894 1163 3990 juzta
1183 3891 1838 4010 genuinascorum
1856 3886 2121 3995 imagi÷
2247 3944 2251 3948 .

1209 4047 1265 4105 ἕ,
1319 4027 1367 4078 2
1935 4017 2072 4073 nes
2099 4030 2127 4087 3
