2666 4469
273 307 282 315 ⁶
477 212 665 287 PER
728 214 1139 287 TERRAM
1207 209 1836 285 ῙΜΜοΒῙῐΒΜε
2076 225 2148 302 ²3

268 318 517 395 Eodem
539 324 644 394 die
666 343 735 394 ut
753 325 1036 395 invenias
1079 319 1318 417 vesperi
1342 319 1504 391 hora
1531 347 1562 391 1
1578 349 1608 391 1
1634 317 1946 392 Azimuth
1988 325 2140 390 an-
2165 395 2170 404 ⁸

177 426 319 492 euris
352 418 534 489 clarae
572 416 758 489 steflae
802 421 867 489 in
914 416 1146 513 Aquila
1168 445 1194 499 3
1236 436 1413 487 verte
1446 414 1721 511 globum
1741 421 1806 486 in
1827 413 2143 486 occidem-

177 533 336 597 tem,
362 512 574 584 donec
595 512 786 582 index
805 511 1096 596 ostendat
1117 507 1532 605 vespertinam
1563 511 1968 582 undecimam
1992 560 2016 592 ,
2062 513 2142 578 &3

175 606 538 677 verticalem
560 603 811 701 applica
831 605 1016 675 stellae
1037 606 1120 675 ad
1146 609 1463 676 orientem
1485 662 1505 686 ,
1543 604 1836 676 ostendet
1854 609 1912 674 is
1931 606 2002 672 iu
2020 602 2144 672 ho-

173 702 495 771 rizontem
516 701 597 793 83
701 700 876 781 adus,
912 728 941 769 1
959 727 987 768 1
1009 700 1189 771 sena
1210 700 1478 770 meridie
1493 700 1702 770 versus
1724 720 1942 772 ortum
1960 752 1980 786 ‚
2007 719 2141 795 pro

169 793 535 863 Azimutho
551 793 638 861 ste
660 792 735 861 lae
755 793 833 862 ad
857 815 1109 889 tempus
1134 791 1556 888 propofitum.

258 887 371 955 Ad
389 886 914 980 cognoscendum
939 887 1245 956 Azimuth
1284 910 1365 956 ex
1406 906 1567 956 nota
1587 886 1958 973 altitudine3
2006 899 2147 985 poa·

98 987 109 994 '*
168 1005 253 1051 ne
301 980 587 1074 exempli
631 980 787 1050 loco
809 1039 827 1061 ,
866 981 972 1050 die
1013 1005 1102 1048 20
1142 978 1408 1073 Augusti
1433 1032 1453 1063 ‚
1499 980 1954 1065 Amstelodami
1994 982 2142 1054 alti-³

167 1073 470 1145 tudinem
514 1071 681 1141 Solis
725 1076 907 1169 supra
948 1073 1363 1140 horizontem
1404 1091 1553 1141 ante
1594 1075 1920 1144 meridiem
1955 1075 2142 1149 fuisse

102 1179 105 1184 '
166 1164 578 1238 observatam
616 1187 704 1235 20
749 1167 1084 1261 graduum.
1134 1163 1362 1234 Globo
1407 1163 1490 1234 ad
1534 1163 1951 1236 elevationem
1995 1171 2141 1241 Poli

169 1257 826 1331 Amste‘lodamensem
872 1259 1225 1329 constituto
1246 1311 1266 1342 ,
1313 1277 1489 1328 verte
1528 1256 1748 1326 locum
1796 1258 1964 1327 Solis
2003 1263 2143 1354 ejus

170 1353 306 1424 diei
340 1357 366 1447 (
391 1356 502 1448 qui
527 1376 643 1450 per
658 1381 697 1441 9
727 1353 1060 1448 problema
1083 1352 1171 1422 est
1193 1355 1257 1420 in
1279 1375 1367 1434 27
1389 1352 1593 1446 gradu
1614 1354 1906 1445 Leonis)
1930 1351 2011 1421 ad
2036 1358 2143 1425 O-

171 1454 442 1519 rientem
470 1473 501 1532 ‚⁷
547 1454 620 1518 &
644 1448 958 1519 circulum
981 1446 1350 1522 verticalem
1372 1470 1520 1520 cum
1537 1471 1620 1517 eo
1645 1446 1805 1517 ultra
1825 1451 2140 1544 citraque,

173 1543 386 1620 donec
422 1545 654 1637 gradus
694 1570 783 1614 20
820 1545 904 1613 ab
947 1544 1289 1613 horizonte
1312 1538 1546 1611 sursum
1565 1544 1631 1611 in
1669 1541 1953 1612 verticali
1979 1567 2144 1615 con·-

173 1657 360 1731 gruat
379 1661 526 1706 cum
547 1637 704 1707 loco
727 1636 1281 1709 Solis.·Verticalis
1301 1659 1462 1732 ergo
1480 1641 1546 1707 in
1564 1636 1909 1708 horizonte
1929 1638 2145 1712 osten-

175 1733 285 1800 det
309 1729 544 1827 gradus
568 1735 650 1811 7'7
678 1785 700 1815 ,
754 1731 959 1826 scrup.
994 1727 1125 1814 16·,'
1148 1731 1232 1802 ab
1249 1732 1457 1802 austro
1480 1730 1687 1803 verfiis
1702 1752 1917 1803 ortum
1939 1787 1959 1818 ‚
2010 1731 2139 1829 pro

177 1821 532 1895 Azimutho
576 1827 748 1896 Solis
788 1824 870 1894 ad
908 1843 1157 1920 tempus
1180 1824 1606 1919 propositum.
1649 1827 1932 1895 Eandem
1972 1853 2142 1922 ope-

176 1920 359 1986 randi
380 1922 696 1987 rationem
710 1914 878 1986 serva
898 1921 963 1985 in
988 1917 1173 1986 stellis
1194 1917 1340 1986 fixis
1366 1971 1386 2001 ,
1430 1919 1560 1988 hoc
1577 1919 1814 2014 pach:
1852 1922 2033 1989 Pone
2052 1921 2142 1990 ad

179 2012 452 2079 eandem
489 2010 890 2077 latitudinem
928 2009 1164 2080 stellam
1199 2013 1265 2079 in
1299 2012 1500 2081 corde
1533 2013 1812 2094 Leonis,
1858 2018 2144 2110 Regtdum
2205 2091 2220 2100 „

179 2103 419 2172 dietam
445 2155 466 2186 ‚
506 2101 900 2171 observatam
924 2102 1046 2172 effe
1070 2104 1154 2172 ad—
1171 2104 1577 2171 occidentem
1600 2106 1667 2168 in
1690 2100 2021 2172 altitudine
2041 2102 2148 2171 su·-

176 2214 293 2293 pra
318 2197 734 2267 horizontem
755 2196 1066 2291 graduum
1086 2217 1200 2288 25.
1222 2196 1523 2293 Adjunge
1542 2216 1702 2291 ergo
1724 2217 1865 2267 eam
1885 2220 1972 2289 25
1990 2213 2147 2294 gra-⁶
2207 2250 2212 2255 ·

177 2293 288 2363 dui
322 2291 641 2362 verticalis
667 2290 1059 2361 numerando
1077 2287 1309 2361 surium
1335 2344 1354 2375 ‚
1388 2297 1461 2361 &
1482 2289 1769 2361 ostendet
1788 2295 1842 2361 is
1864 2293 1930 2361 in
1957 2294 2143 2369 hori-

173 2406 374 2457 zonte
416 2412 499 2471 79
554 2386 791 2481 gradus
817 2445 832 2468 ‚
883 2410 971 2479 47
994 2386 1199 2480 scrup.
1248 2388 1285 2454 a
1312 2386 1577 2455 meridie
1595 2388 1659 2455 in
1682 2384 2090 2458 occidentem
2110 2430 2143 2481 ¹.

175 2502 297 2578 pro
323 2484 681 2552 Azimutho
722 2480 910 2552 stellae
948 2499 1353 2576 competente
1374 2479 1699 2551 altitudini
1719 2477 2094 2579 observem.-

526 2675 833 2740 xxx
962 2622 1805 2741 PROBLEMA

241 2831 337 2898 De
360 2825 853 2897 Almucantarath
869 2880 888 2905 ,
919 2826 1024 2918 stu
1046 2831 1274 2894 -cc'rculis
1314 2821 1686 2891 altitudinum
1703 2879 1724 2906 ,
1773 2824 1847 2892 ΕΒ
1866 2847 1933 2895 ut
1967 2824 2085 2914 istae

967 2926 1321 3014 reperiantur.
1773 2944 1776 2947 “
2014 2964 2020 2971 -

117 3029 125 3039 ⁸
190 3039 536 3198 CIrculi
573 3030 981 3108 altitudinum
1029 3034 1404 3127 (Arabibus
1437 3035 1928 3105 Almusantarash
1952 3039 1978 3131 )
2001 3037 2144 3129 ium}

348 3133 564 3201 circuli
588 3140 869 3203 minores
891 3190 911 3214 ,
955 3142 1067 3226 per
1090 3128 1610 3223 imaginationem
1632 3150 1714 3197 ex
1739 3129 1976 3207 Zenith
1994 3154 2146 3207 tam,

179 3250 375 3320 quam
400 3228 563 3294 Polo
580 3249 686 3296 aut
711 3246 938 3296 centro
957 3219 1256 3319 descripti
1282 3280 1298 3304 ,
1330 3220 1604 3316 paralleli
1625 3245 1772 3292 cum
1793 3224 2142 3300 horizonte

179 3318 584 3413 alcendentes
621 3320 854 3391 sursum
881 3374 900 3405 ‚
950 3317 1319 3391 &secantes
1360 3315 1635 3386 circulos
1672 3321 2138 3412 Azymuthales

178 3415 633 3507 undiquaque(
659 3419 749 3485 uti
778 3415 1049 3510 paralleli
1074 3417 1139 3485 in
1161 3411 1398 3509 sphaera
1421 3410 1695 3481 terrestri
1715 3416 2138 3510 meridianos)
2270 3487 2276 3505 ,

178 3509 262 3578 ad
284 3507 554 3603 angulos
581 3511 811 3580 rectos.
853 3504 944 3580 Hi
986 3513 1049 3579 in
1087 3508 1292 3606 globo
1315 3504 1540 3576 caelesti
1563 3503 2000 3580 describuntur
2020 3526 2138 3604 per

179 3602 521 3699 quodlibet
539 3606 838 3695 panarum
864 3604 1085 3675 circuli
1101 3601 1418 3675 verticalis
1438 3653 1460 3685 ‚
1485 3598 1530 3669 fi
1553 3603 1607 3669 is
1638 3602 1868 3698 Zenith
1885 3606 2138 3690 affixus,

177 3700 585 3771 extremitate
626 3697 921 3769 inferiore
946 3697 1246 3771 ¹volvatur
1290 3718 1406 3790 per
1449 3714 1662 3764 totum
1696 3697 2134 3769 horizontem}

180 3789 270 3865 Vt
292 3812 505 3864 autem
525 3793 875 3867 inveniatur
895 3845 920 3880 ,
966 3795 1031 3865 in
1063 3791 1460 3955 quorhorum
1471 3788 1869 3860 circulorum
1890 3790 2010 3946 S'od
2027 3806 2138 3952 alp!

1288 3902 1335 3954 2
2012 3899 2046 3944 e
2090 3906 2130 3954 2
