2666 4469
378 171 386 177 “
503 171 606 227 ἰω
757 188 762 192 ·
886 165 1017 224 DE
1076 164 1285 223 VSV
1349 163 2099 225 SPHAERARVM

272 2080 299 2120 1
316 2070 454 2133 panis

267 2134 478 2195 problema

271 2200 389 2241 XXXV.

505 282 707 335 zonte
738 281 806 332 ut
831 264 896 332 in
916 260 1332 333 antecedente
1356 259 1753 355 problemate
1777 314 1797 346 ,
1838 261 2214 357 compositis
2239 315 2261 346 ‚
2315 285 2502 344 con-

505 378 687 430 verte
723 356 998 455 globum
1023 378 1207 427 terrae
1244 358 1458 426 donec
1481 352 1725 424 vlimbus
1749 356 2107 429 horizontis
2144 359 2495 429 orientalis

505 450 769 546 stringat
792 449 1012 520 locum
1038 448 1204 521 Solis
1229 502 1249 534 ,
1290 448 1699 543 iudicemque
1735 449 1994 544 applica
2009 450 2187 520 horae
2228 450 2500 522 duode-

507 551 693 617 cimae
714 569 732 613 τ
761 545 911 620 inde
928 544 1115 622 volve
1134 542 1406 637 globum
1427 563 1610 614 terrae
1632 548 1695 611 in
1719 563 1939 613 ortum
1960 596 1981 628 ‚
2006 544 2221 616 donec
2238 544 2492 617 limbus

507 641 873 712 horizontis
896 635 1313 707 occidentalis
1331 636 1549 706 locum
1575 636 1742 708 Solis
1764 640 2041 735 attingat
2064 691 2085 723 ‚
2136 644 2206 708 δι
2225 640 2493 712 videbis

507 734 789 812 indicem
812 733 894 801 ab
916 732 1075 801 hora
1101 755 1182 799 12
1208 729 1576 826 percurrisse
1613 731 1805 803 horas
1835 755 1914 825 15
1940 787 1961 819 ‚
2016 726 2218 830 scrup.
2240 741 2323 803 26
2343 758 2489 829 pro

506 825 913 922 longitudine
949 825 1099 912 diei.

598 919 702 988 Ad
739 918 1180 991 inveniendam
1201 916 1674 1013 longitudinem
1693 920 1903 989 noctis
1930 973 1951 1004 ,
1998 919 2189 993 volve
2208 920 2489 993 limbum

505 1014 870 1088 horizontis
907 1011 1381 1083 occidentalem
1425 1013 1507 1082 ad
1548 1012 1772 1084 locum
1810 1013 1975 1085 Solis
2000 1067 2021 1099 ‚
2077 1015 2490 1109 iudicemque

506 1131 766 1203 appone
789 1107 963 1176 horae
995 1128 1122 1175 12:
1172 1125 1310 1175 tum
1333 1127 1645 1196 converte
1656 1107 1927 1203 globum
1950 1113 2016 1178 in
2037 1130 2256 1180 ortum
2285 1161 2306 1194 ,
2351 1110 2487 1177 do-

508 1224 632 1272 nec
649 1198 886 1272 limbus
931 1202 1643 1272 horizontis-orientalis
1684 1201 1946 1297 stringat
1970 1203 2186 1275 Solem
2212 1236 2234 1289 3
2258 1237 2263 1242 ·
2287 1208 2359 1273 δε
2382 1225 2482 1271 ὀ-

510 1293 754 1366 stendet
779 1292 971 1365 index
1010 1294 1199 1364 horas
1224 1291 1261 1362 8
1287 1347 1308 1378 ,
1352 1300 1509 1365 min.
1540 1319 1623 1390 34
1641 1294 1872 1391 elapsss
1888 1354 1908 1380 ,
1931 1315 2052 1393 pro
2074 1296 2482 1392 longitudine

513 1389 751 1477 noctis,
774 1388 856 1461 ad
879 1406 1132 1484 tempus
1154 1388 1583 1484 propofitum.
1744 1395 1747 1398 ’
1878 1407 1883 1410 ·

890 1554 2087 1690 ΧΧιΡΒοΒιεΜΑ

729 1740 958 1810 Horam
978 1753 1128 1803 ortus
1149 1730 1446 1828 &occasus
1454 1730 1624 1824 stellae
1645 1734 1881 1828 alictq‘us
1898 1737 2166 1827 inquirere
2182 1730 2266 1801 ad

1010 1823 1244 1923 quodvis
1262 1826 1830 1991 tenzwmffmlocorum
1844 1829 1978 1899 lati-'-

518 2064 603 2217 S
625 2056 661 2125 1
704 2050 1206 2149 investigandum
1230 2053 1305 2124 fit
1326 2076 1455 2148 qua
1479 2052 1641 2123 hora
1674 2060 1860 2165 Sirius
1903 2051 2361 2170 Amstelodami
2382 2052 2492 2123 fir-

627 2172 742 2245 pra
777 2150 1187 2220 horizontem
1207 2143 1501 2218 ascendat
1527 2202 1548 2236 ,
1597 2170 1706 2218 aut
1742 2146 1907 2218 infra
1929 2147 2201 2218 eundem
2220 2142 2492 2217 descen-

460 2315 474 2325 ,
513 2245 625 2314 dat
648 2246 728 2313 ad
770 2244 942 2313 diem
964 2249 1053 2312 26
1078 2244 1512 2314 Decembris:
1564 2242 1972 2314 horizontem
1997 2242 2263 2337 dispone
2282 2237 2377 2311 ‘ad
2396 2243 2489 2310 la-

511 2336 856 2427 titudinem
880 2335 1041 2405 illius
1076 2333 1252 2405 urbis
1272 2335 1512 2407 stellam
1537 2338 1648 2407 suo
1666 2336 1825 2408 loco
1846 2395 1867 2422 ,
1920 2341 1995 2406 δε
2025 2337 2310 2409 indicem
2329 2332 2484 2405 disci

511 2430 774 2500 mobilis
818 2430 901 2499 ad
921 2436 1012 2498 26
1036 2427 1210 2496 diem
1236 2432 1626 2502 Decembris
1650 2481 1672 2513 ‚
1719 2437 1796 2501 &
1833 2430 2178 2503 versabitur
2198 2429 2312 2502 Sol
2351 2431 2417 2498 in
2444 2451 2480 2522 5

450 2594 456 2602 ,
508 2519 716 2617 gradu>
762 2521 1177 2615 Capricorni·
1271 2526 1466 2591 Tunc
1531 2545 1841 2594 converte
1903 2546 2133 2596 terram
2184 2578 2206 2610 ‚
2273 2523 2484 2595 donec
2600 2570 2601 2575 κ

489 2613 895 2687 ,τηετίἀίειηιιε
940 2630 1302 2706 apponatur
1342 2612 1499 2684 loco
1540 2614 1711 2685 Solis
1736 2668 1759 2701 ,
1809 2615 2224 2712 iudicemque
2282 2617 2486 2713 appli-

513 2735 591 2782 ca
633 2710 809 2782 horae
856 2706 1283 2778 duodecimae.
1376 2712 1548 2779 Mox
1591 2707 1781 2781 volve
1822 2708 2095 2805 globum
2137 2731 2324 2783 terrae
2362 2711 2486 2782 do·
2600 2792 2601 2807 χ

516 2829 638 2878 nec
683 2803 1012 2876 orientalis
1054 2802 1413 2884 horizontis
1454 2825 1682 2899 margo
1727 2824 1836 2876 tan
1883 2826 1948 2876 at
1987 2811 2247 2894 Sirium,
2296 2811 2371 2876 &
2406 2831 2485 2877 o·

487 2899 765 2972 stendet
809 2897 1000 2970 index
1037 2897 1233 2968 horas
1258 2926 1299 2978 7
1322 2950 1346 2983 ‚
1387 2893 1594 2994 scrup.
1616 2920 1709 2990 40
1752 2827 1896 2994 po}
1931 2901 2273 2973 meridiem
2296 2958 2314 2985 ,
2366 2925 2485 2995 pro

515 3016 815 3090 tempore
856 3016 992 3093 quo
1018 2997 1220 3107 ‘Sirius
1243 2992 1377 3102 ’isto
1400 2991 1508 3065 die
1544 2987 1786 3063 scandit
1808 2991 1991 3102 fiipra
2033 2994 2441 3107 horizontem
2464 3047 2486 3081 ,

515 3108 627 3250 ῗὲἷ
702 3085 2487 3276 ἓῖἷῗηῗᾶἓὲῗὲῗέἓῗὲἱἑεὲἓέῗὲιξῗιὲ“ιὲἳξὲῗ“ῗιέξέἓὲ

518 3275 754 3351 limbus
777 3275 1140 3347 horizontis
1171 3275 1490 3348 ,occiduus
1511 3274 1750 3346 stellam
1784 3290 2006 3372 tangat
2030 3331 2052 3363 ‚
2104 3284 2176 3350 δε
2195 3276 2486 3351 ostendet

520 3366 711 3439 index
753 3367 1012 3461 horas4
1034 3420 1057 3453 ,
1099 3366 1301 3463 scrup.
1359 3392 1438 3462 35
1504 3369 1644 3463 post
1687 3370 1960 3441 mediam
2010 3373 2268 3444 nostem
2295 3426 2316 3461 ‚
2366 3397 2484 3472 pro

429 3524 434 3527 ,
517 3478 818 3557 τεῑῄροτε
856 3482 998 3554 quo
1021 3461 1211 3533 stella
1269 3465 1435 3531 infra
1491 3462 1898 3535 horizontem
1933 3464 2258 3555 descendit
2296 3522 2320 3554 ,
2379 3488 2482 3539 aut

423 3626 436 3633 ,
514 3561 739 3656 potius
777 3578 913 3651 quo
954 3554 1232 3627 horizon
1251 3550 1445 3651 supra
1484 3555 1724 3631 stellam
1764 3559 2040 3631 elevatus
2083 3565 2122 3633 e
2146 3559 2485 3660 conspeetu

523 3650 744 3745 nostro
768 3674 923 3721 ‘eam
962 3645 1221 3721 aufem·
1274 3654 1386 3721 Ex·
1412 3654 1676 3739 invento
1715 3672 1943 3745 autem*
1970 3672 2266 3754 tempore
2307 3677 2486 3730 ortus
2600 3682 2601 3689 ¹

525 3740 1317 3849 &floccasusstellaenotari
1350 3748 1598 3845 potest,
1639 3771 1784 3846 eam
1820 3747 2058 3825 horiss
2088 3804 2112 3846 ‚
2153 3750 2368 3848 scrup.
2442 3774 2484 3865 ξ

1265 3918 1268 3925 .
2262 3871 2342 3922 ve
2431 3872 2487 3920 n
