2666 4469
512 203 625 270 ²99
850 183 1002 242 ns·
1082 162 2209 274 vssvhs-Pnffinaanvm.

926 348 1093 421 vL
1206 343 2133 444 PROBLEMA‘

609 505 853 580 Globum
871 526 1025 577 terrae
1045 511 1105 575 in
1124 507 1234 575 loco
1240 505 1346 598 suo
1362 530 1533 602 quem
1550 511 1612 575 in
1631 504 1761 571 caelo
1779 503 1979 588 obtinet
1991 558 2010 585 ‚
2037 504 2327 598 Solemque
2341 509 2410 574 in

777 603 1025 697 ecltptica
1062 599 1164 672 ubi
1194 622 1272 669 ex
1309 620 1461 671 terra
1481 600 1692 695 versari
1711 598 1942 669 videtur
1961 654 1982 680 ,
2024 606 2223 692 quovis
2336 646 2340 650 -

1201 715 1435 789 tempore
1468 701 1741 764 collocare.
1849 769 1856 776 ⁸

692 851 848 919 Erra
869 869 983 941 per
1004 865 1259 918 motum
1279 870 1562 919 annuum
1593 850 1768 919 circa
1792 847 2013 920 Solem
2038 847 2347 919 continuo
2372 872 2491 918 va-

690 947 813 1014 riat
833 941 1055 1012 locum
1075 938 1255 1013 suum
1279 944 1344 1012 in
1362 943 1542 1022 caelo.
1568 945 1657 1015 Vt
1673 967 1832 1040 ergo
1849 940 2006 1013 scias
2030 939 2145 1013 ubi
2164 940 2246 1010 ad
2267 964 2489 1037 quem-

512 1041 609 1111 vis
647 1040 798 1109 anni
845 1037 1021 1108 diem
1056 1033 1333 1109 versetur
1358 1092 1382 1125 ,
1426 1059 1734 1111 converte
1775 1035 2017 1109 discum
2040 1034 2349 1126 mobilem
2364 1034 2489 1104 do-

514 1145 638 1203 nec
681 1132 877 1203 index
917 1132 1054 1226 ejus
1095 1133 1135 1204 e
1169 1136 1438 1229 regione
1486 1154 1669 1206 terrae
1689 1151 1968 1228 occupet
1987 1130 2162 1202 diem
2185 1134 2252 1201 in
2275 1128 2488 1200 calen-

514 1227 702 1298 dario
742 1223 1188 1325 propositum
1241 1231 1317 1297 δε
1344 1227 1636 1299 confistet
1667 1223 1837 1299 terra
1872 1231 1940 1297 in
1957 1226 2113 1298 loco
2152 1223 2268 1296 suo
2291 1246 2491 1319 quem

517 1324 587 1393 in
608 1321 772 1394 caelo
797 1342 998 1406 tenet,
1022 1319 1268 1415 Solque
1287 1324 1355 1391 in
1372 1322 1576 1419 gradu
1596 1322 1912 1417 eclipticae
1932 1319 2230 1418 appofito
2248 1372 2270 1409 ,
2295 1339 2491 1415 quem

522 1416 777 1490 videtur
794 1415 908 1487 illo
925 1416 1032 1487 die
1052 1437 1404 1511 occupare.

1305 1574 1678 1663 Exemplum.

603 1696 825 1789 Cupio
862 1688 1020 1761 scire
1040 1689 1263 1761 locum
1285 1710 1414 1761 tam
1436 1709 1616 1761 terrae
1636 1695 1700 1761 in
1729 1688 1892 1761 caelo
1912 1748 1932 1773 ‚
1976 1690 2172 1784 quam
2192 1685 2370 1761 Solis
2421 1692 2499 1763 in

513 1786 812 1883 ecliptica
834 1785 941 1857 die
960 1790 1052 1854 26
1075 1786 1267 1877 Maji.
1333 1787 1677 1858 Converto
1717 1809 1880 1881 ergo
1901 1784 2142 1855 discum
2161 1783 2494 1858 mobilem

514 1882 600 1952 ab
620 1880 964 1952 occidente
1001 1882 1069 1973 in
1086 1881 1405 1954 orientem
1430 1934 1451 1965 ,
1502 1879 1722 1952 donec
1742 1879 1936 1951 index
1956 1895 2178 1975 tangat
2198 1877 2379 1948 diem
2399 1886 2495 1950 26

515 1976 729 2072 Maji3
777 1980 853 2046 δε
891 1973 1087 2047 video
1134 1993 1370 2047 terram
1411 1973 1707 2048 obtinere
1751 1998 1787 2066 5
1814 1973 2084 2069 gradum
2108 1973 2486 2069 Sagittarii,

517 2070 740 2143 Solem
759 2093 915 2143 vero
936 2072 1004 2140 in
1026 2070 1337 2164 Eeliptica
1392 2093 1428 2161 5
1453 2071 1722 2168 gradum
1747 2072 2196 2141 Geminorum.
2270 2068 2342 2138 Si
2380 2067 2490 2137 lo-

519 2188 671 2238 cum
712 2186 897 2238 terrae
938 2187 1184 2260 quaeras
1220 2162 1303 2234 ad
1343 2164 1519 2238 diem
1568 2190 1648 2259 15
1679 2163 2078 2243 Novembris
2109 2214 2130 2249 ‚
2180 2181 2489 2233 converte

516 2258 759 2332 discum
782 2313 804 2347 ,
846 2259 1064 2331 donec
1081 2258 1274 2330 index
1299 2284 1380 2352 15
1407 2261 1810 2334 Novembris
1830 2258 2121 2329 ostendat
2142 2315 2162 2340 ‚
2206 2261 2283 2326 &
2302 2256 2490 2329 vide-

521 2354 624 2444 bis
647 2376 881 2426 terram
900 2353 1127 2427 versari
1164 2357 1232 2423 in
1254 2380 1287 2424 1
1301 2379 1335 2449 3
1360 2356 1564 2452 gradu
1588 2358 1790 2426 Tauri
1818 2407 1839 2438 ,
1887 2352 2107 2425 Solem
2128 2354 2284 2426 vero
2312 2375 2395 2422 ex
2409 2375 2493 2423 ea

522 2445 807 2543 conspici
843 2452 910 2517 in
957 2474 1038 2541 13
1065 2445 1269 2542 gradu
1292 2452 1552 2544 Scorpii
1593 2469 1726 2519 tam
1764 2452 1830 2518 in
1866 2446 2168 2544 ecliptica
2194 2449 2497 2518 interiori-

433 2601 438 2604 .
520 2543 713 2636 quam
738 2545 1058 2613 exteriori.
1110 2540 1403 2614 Eundem
1420 2543 1821 2638 procedendi
1840 2543 2116 2616 *modum
2136 2539 2402 2615 observa
2419 2543 2492 2612 in

518 2630 821 2707 omnibus
840 2639 987 2706 anni
1006 2630 1258 2705 diebus·
2340 2636 2345 2643 ”

917 2822 2093 2935 νη.ΡΚοΒιΕΜΑ

634 2984 803 3080 Qot
833 2986 1098 3054 milliaria
1122 2981 1317 3082 globus
1354 3007 1511 3056 terrae
1547 2986 1742 3056 deloco
1757 2990 2012 3057 inlocum
2031 2992 2178 3058 circa
2195 2989 2380 3058 Solem

1001 3168 1008 3173 .
1030 3098 1313 3175 percurrat
1328 3084 1478 3150 intra
1493 3081 1702 3177 datum
1714 3105 1950 3179 tempus.

527 3202 638 3356 P
667 3194 1298 3293 Raeterquamoquod
1328 3222 1557 3270 omnes
1583 3252 1606 3285 ‚
1638 3202 1831 3297 juxta
1853 3225 1932 3272 1v
1957 3200 2290 3296 problema
2312 3253 2335 3286 ,
2370 3222 2488 3297 per

662 3308 919 3360 motum
960 3312 1143 3362 terrae
1173 3289 1485 3363 diurnum
1533 3296 1706 3366 circa
1753 3298 2085 3391 proprium
2123 3296 2258 3390 ejus
2297 3319 2485 3367 axem

477 3432 486 3445 ,
524 3384 963 3457 convertimur
983 3437 1006 3470 ,
1029 3387 1219 3458 citius
1235 3384 1552 3458 tardiusve
1573 3442 1594 3474 ,
1640 3410 1834 3484 prout
1848 3388 1995 3460 loca
2009 3391 2485 3479 habitationum

522 3476 879 3555 nostrarum
939 3478 1081 3571 plus
1123 3478 1404 3553 minusve
1433 3479 1691 3573 ‚distant
1738 3484 1822 3556 ab
1866 3506 2194 3579 aequatore
2235 3508 2257 3553 ε
2322 3483 2486 3555 insu-

577 3656 580 3661 ‚
611 3595 642 3641 r
661 3593 773 3666 per
795 3589 1049 3640 motum
1069 3574 1205 3668 ejus
1229 3585 1508 3648 annuum
1528 3635 1551 3664 ,
1596 3578 1861 3668 deloco
1887 3581 1950 3652 in
1971 3578 2190 3651 locum
2211 3602 2330 3676 per
2359 3602 2489 3650 cae-

550 3690 659 3736 um
695 3668 866 3736 circa
901 3665 1121 3738 Solem
1162 3672 1720 3746 circumvehimur.
1750 3675 2078 3772 ‘Qantus
2123 3675 2228 3747 ille
2264 3696 2492 3769 motus

521 3759 599 3832 fit
618 3763 785 3834 intra
800 3759 1021 3838 datum
1039 3781 1293 3863 tempus
1313 3818 1338 3861 ,
1384 3792 1464 3844 ex
1484 3765 1889 3866 sequentibus
1926 3770 2080 3846 licet
2099 3767 2489 3867 intelligere.

955 3892 962 3897 ·
2318 3866 2494 3938 Dia-
