2666 4469
381 152 593 222 PER
656 159 1156 226 ‘tunnam
1218 151 1985 227 ιΜΜοΒιιεΜ.
2109 171 2184 241 ⁸⁷

224 259 375 332 dens
398 255 725 355 problema
748 256 829 328 ad
849 255 1033 328 fitum
1054 257 1191 329 caeli
1209 257 1477 353 dispone
1507 310 1529 342 ,
1569 255 1678 326 die
1716 256 2005 352 horaque
2047 285 2174 356 qua

225 352 416 424 stellas
461 348 852 447 cognoscere
895 350 1227 423 defideras.
1269 356 1295 444 (
1316 350 1607 446 exempli
1637 348 1821 421 causa
1858 353 2183 426 Amstelo-

221 446 411 531 dami,
436 445 541 517 die
557 472 643 541 23
669 444 1078 528 Decembris,
1098 444 1332 540 vesperi
1356 444 1513 515 hora
1533 445 1633 535 9.)
1659 449 1835 536 Qae
1855 446 2182 523 horacum

209 541 338 634 jam
360 539 598 635 vesperi
618 541 946 612 advenerit
961 599 981 622 ,
1018 541 1300 635 undique
1322 537 1613 609 circums
1644 542 1742 609 ice
1766 539 1848 608 ad
1867 540 2066 611 claras
2097 547 2173 616 &

218 638 665 705 eminentiores
685 633 885 704 stellas
911 664 932 717 3
971 638 1343 707 &invenies
1379 638 1545 704 inter
1564 657 1598 704 a
1626 637 1715 704 ias
1736 635 1801 703 in
1826 635 1965 728 ipso
1988 640 2177 707 meri-

217 726 317 797 die
341 748 470 799 tres
492 726 733 797 lucidas
755 730 821 796 in
839 728 1015 798 resta
1034 728 1196 800 linea
1219 729 1336 800 fibi
1355 726 1704 799 admodum
1730 731 1990 812 vicinas,
2009 754 2176 826 qua-

138 907 141 914 ,
216 841 351 891 rum
396 820 773 892 orientalior
815 821 1006 917 paulo
1049 821 1123 893 fit
1168 823 1304 901 aliis
1352 820 1678 891 humilior.
1720 825 1976 918 Inquire
2007 849 2173 921 ergo

213 937 504 1010 quaenam
535 913 722 984 stellae
742 916 806 983 in
826 915 936 985 tali
974 914 1090 984 fitu
1127 920 1192 985 in
1214 915 1422 1011 globo
1461 914 1579 985 fint
1607 917 1830 986 vicinae
1872 921 2176 991 meridia-

213 1033 326 1093 no,
351 1014 427 1077 &
448 1006 694 1079 videbis
714 1031 819 1078 eas
838 1008 1211 1078 constitutas
1232 1007 1357 1078 esse
1372 1013 1434 1077 in
1458 1008 1724 1104 cingulo
1744 1015 1989 1084 Orionis.
2025 1014 2166 1092 Cu..

195 1104 312 1199 jus
329 1106 423 1173 rei
445 1121 515 1171 ut
537 1106 774 1172 certior
796 1101 1027 1172 evadas
1050 1158 1070 1183 ,
1092 1105 1275 1170 unius
1297 1124 1379 1171 ex
1396 1101 1597 1171 tribus
1621 1100 2017 1178 altitudinem
2040 1109 2172 1178 ob-

210 1194 384 1267 serva
405 1193 588 1291 supra
607 1195 1047 1278 horizontem,
1066 1214 1220 1290 puta
1239 1193 1491 1279 mediae,
1518 1201 1592 1265 &
1610 1197 1888 1264 invenies
1919 1205 2000 1289 36
2096 1224 2171 1270 a-

212 1290 331 1368 dus
350 1290 667 1385 proxime.
722 1292 865 1360 Eos·
878 1312 1136 1359 numera
1174 1291 1237 1356 in
1281 1286 1490 1382 globo
1521 1290 1587 1357 in
1633 1306 1812 1382 parte
1847 1294 2000 1360 meri
2051 1296 2178 1369 iani

211 1382 478 1454 austrina
498 1438 518 1469 ‚
561 1382 645 1454 ab
682 1384 1031 1456 horizonte
1070 1374 1306 1454 sursum
1333 1439 1354 1464 ,
1394 1386 1468 1455 δε
1492 1385 1556 1452 in
1581 1383 1861 1452 termino
1881 1393 2176 1457 numera-

209 1481 404 1550 tionis
425 1476 718 1551 offendes
740 1479 1023 1552 mediam
1043 1477 1361 1549 stellarum
1384 1499 1505 1573 pro
1553 1474 1881 1548 ofitarum.

302 1571 504 1643 Paulo
546 1574 731 1644 altius
775 1578 838 1643 in
884 1572 1043 1644 caelo
1080 1592 1386 1644 occurret
1407 1502 1566 1643 vistis
1602 1590 1747 1656 tuus
1768 1569 2015 1644 duabus
2037 1598 2177 1647 ma·-

208 1669 352 1762 gnis
380 1671 451 1740 ὅτ.
475 1667 659 1738 claris
682 1666 866 1738 stellis
894 1722 914 1753 ‚
958 1671 1122 1740 inter
1147 1666 1208 1742 se
1232 1667 1441 1736 multo
1464 1667 1925 1739 remotioribus
1948 1728 1968 1752 ‚
2008 1693 2172 1765 qua-

206 1783 352 1829 rum
371 1785 493 1831 una
512 1761 887 1834 orientalior
905 1760 1021 1844 est,
1036 1761 1231 1832 altera
1251 1760 1720 1832 occidentalior
1741 1783 1945 1855 aquas
1967 1766 2079 1835 ubi
2097 1770 2168 1840 iu

205 1854 414 1949 globo
436 1855 790 1948 quaefiveris
811 1907 833 1940 ‚
870 1857 1146 1927 invenies
1163 1879 1269 1926 eas
1292 1877 1613 1950 occupare
1632 1874 1972 1950 utrumque
1987 1865 2169 1932 Orio-

206 1952 295 2017 m
328 1947 686 2016 humerum.
1126 1993 1130 1998 -

300 2039 552 2109 Eodem
590 2062 752 2133 pene
776 2037 979 2131 spatio
1000 2040 1281 2113 ,inferius
1302 2040 1338 2108 ὲ
1359 2038 1546 2114 stellis
1569 2043 1633 2109 in
1657 2040 1921 2133 cingulo
1948 2094 1968 2124 ,
2013 2042 2170 2114 duas

209 2155 479 2228 quoque
519 2131 718 2202 claras
744 2129 1033 2203 offendes
1052 2138 1116 2201 in
1142 2132 1304 2203 caelo
1325 2190 1342 2212 ‚
1391 2135 1456 2200 in
1477 2131 1700 2202 eadem
1721 2130 1855 2203 fere
1878 2134 2170 2208 distantia

208 2228 245 2297 a
267 2227 471 2297 tribus
495 2230 560 2297 in
578 2226 840 2324 cingulo
855 2283 873 2309 ,
915 2232 987 2297 &
1016 2231 1052 2297 ὲ
1075 2224 1137 2299 le
1159 2230 1430 2299 invicem
1452 2281 1472 2312 ‚
1517 2247 1586 2296 ut
1608 2225 1728 2296 illae
1748 2229 1815 2297 in
1838 2227 2116 2302 humeris
2134 2265 2161 2317 3

204 2321 319 2392 has
339 2325 404 2392 in
439 2320 649 2418 globo
692 2340 950 2393 venatus
973 2374 993 2409 ,
1042 2321 1479 2416 deprehendes
1517 2324 1894 2394 orientalem
1940 2323 2072 2400 esse
2097 2332 2163 2400 in

203 2414 439 2486 dextro
473 2439 641 2512 genu
670 2421 926 2499 Orionis,
966 2415 1440 2488 occidentalem
1470 2419 1539 2486 in
1576 2415 1818 2487 finistro
1844 2419 2008 2517 pede
2031 2417 2188 2492 fula

202 2531 491 2606 gentem,
513 2510 951 2611 Rigeldifflm.

298 2606 546 2675 Eodem
578 2626 871 2700 tempore
912 2609 975 2676 in
1013 2606 1172 2677 caelo
1210 2604 1454 2701 fulgida
1500 2610 1777 2678 cernitur
1799 2607 1966 2678 stella
1986 2608 2161 2703 quafi

203 2699 285 2769 18
331 2698 637 2794 gradibus
660 2702 697 2768 a
718 2701 987 2775 meridie
1007 2707 1069 2770 in
1092 2704 1411 2781 orientem
1452 2723 1703 2772 remota
1728 2755 1748 2786 ,
1794 2706 1867 2770 &
1897 2702 2030 2771 fere
2068 2726 2159 2772 20

201 2793 510 2888 gradibus
532 2790 771 2864 elevata
790 2795 970 2887 supra
990 2794 1427 2869 horizontem.
1478 2800 1666 2863 Hanc
1690 2814 1759 2861 ut
1779 2792 2161 2886 cognoscas,

204 2888 515 2956 circulum
532 2886 900 2958 verticalern
922 2889 985 2955 in
1007 2887 1351 2961 horizonte
1390 2885 1643 2958 colloca
1664 2938 1684 2969 ,
1730 2890 1768 2955 a
1804 2886 2161 2958 meridiano

203 2981 285 3051 ad
304 2985 622 3061 orientem
646 3003 767 3076 pet.
855 2979 1016 3053 :adus
1068 2982 1146 3051 18
1173 3034 1192 3064 ,
1241 2985 1315 3050 &
1338 2983 1401 3047 in
1420 3004 1511 3051 -eo
1531 2980 1794 3069 numera
1815 2979 2046 3051 sursum
2068 3006 2158 3052 20

202 3074 434 3171 gradus
459 3077 621 3156 fere,
650 3080 723 3144 &
745 3099 790 3145 o
841 3073 1039 3147 viabis
1062 3077 1358 3145 maximae
1380 3096 1455 3143 ac
1475 3067 1933 3170 fulgentiffimae
1951 3074 2159 3149 stella-

140 3220 143 3223 -
202 3194 371 3250 rum,
390 3176 556 3256 Sim,
577 3194 772 3266 quam
798 3169 1069 3263 proinde
1086 3167 1260 3241 nosse
1282 3186 1346 3240 te
1367 3170 2107 3265 neutiquamdubitabis.

296 3263 705 3358 Qibusdam
722 3265 759 3335 ἐ
780 3267 1120 3361 praecipuis
1143 3263 1288 3335 fixis
1309 3268 1399 3333 ita
1421 3268 1700 3360 cognitis
1724 3323 1743 3349 ,
1770 3291 1902 3335 non
1922 3266 2158 3338 diffici-

198 3357 263 3430 le
285 3358 376 3430 est
398 3382 511 3455 per
545 3383 651 3430 eas
688 3358 987 3432 devenire
1009 3364 1073 3429 in
1095 3361 1394 3430 notitiam
1432 3359 1696 3430 aliarum
1723 3414 1743 3445 ‚
1788 3362 1982 3456 idque
2019 3383 2154 3432 tam

199 3458 285 3524 ex
302 3452 525 3548 figuris
550 3458 623 3523 δε
641 3457 870 3525 formis
889 3476 1046 3548 quas
1063 3456 1228 3534 inter
1243 3450 1306 3524 st:
1321 3452 1565 3524 faciunt
1586 3513 1604 3536 ,
1628 3478 1820 3549 quam
1838 3480 1918 3526 ex
1934 3480 2154 3529 earum

197 3550 366 3618 inter
386 3545 453 3617 se
472 3545 794 3619 distantiis.
843 3551 940 3619 Ex
954 3546 1185 3620 formis
1209 3606 1227 3631 ,
1273 3547 1458 3643 quod
1503 3550 1728 3644 aliquae
1750 3555 1815 3621 in
1838 3552 2012 3622 reeta
2030 3548 2156 3620 diss

201 3642 426 3739 pofitae
441 3638 560 3710 fint
576 3641 735 3727 linea
753 3700 773 3725 ,
813 3642 965 3713 aliae'
990 3642 1229 3716 faciant
1260 3644 1805 3740 quadrangulum,'
1838 3643 2154 3714 nonnullae

200 3736 629 3836 triangulum,
669 3761 1001 3830 normam,
1042 3760 1158 3814 aut
1177 3739 1366 3904 ahaz?
1385 3738 1682 3835 figuram.
1730 3744 1827 3815 Ita
1869 3759 2000 3843 tres
2022 3738 2155 3806 cla-

1410 3854 1458 3930 4
1950 3850 2155 3902 nores
