2666 4469
339 228 548 295 PER
632 229 1125 294 TBRRAM
1203 231 1953 318 namon-rtem
2020 246 2128 308 m

254 350 354 358 ”
545 348 1842 443 LILPROBLEMA²

313 524 581 593 planem
598 528 659 592 in
664 521 825 619 globo
840 521 1033 615 caelesti
1051 530 1325 611 collocare,
1348 525 1422 596 &
1440 551 1537 623 per
1553 526 1620 596 id
1633 525 1954 627 cogmscere.

167 658 329 835 Q
350 645 914 760 yamvisPlanetfe
930 647 1111 741 juxta
1142 644 1504 758 doetrinam
1523 651 1751 743 capitis
1782 668 1819 739 5
1846 701 1867 734 ,
1910 646 2026 722 lib.
2058 646 2128 733 1,'

157 833 249 907 s..
267 740 683 918 «ιῑᾶῗηὲὲὲἓίἶ
697 762 970 904 ἰῖῗὲἓῗ
986 740 1732 919 ,ῗέῗὲἒέἲέῗὲῗᾼῗὲἑ
1751 740 2129 921 ῗῖἑὲἙῖἓῖ

157 953 306 1000 men
353 933 419 999 in
442 930 522 996 iis
542 925 798 1023 possunt
836 926 920 998 ad
961 948 1209 1000 certum
1227 950 1626 1001 momentum
1650 984 1672 1016 ‚
1716 950 1827 1001 aut
1869 949 2127 1024 tempus
2214 982 2221 988 -

157 1023 423 1120 praecise
440 1018 952 1098 determinatum.
1006 1020 1224 1114 Qod
1245 1041 1315 1091 ut
1335 1020 1451 1091 fiat
1469 1081 1489 1105 ,
1515 1022 1838 1094 sciendum
1858 1027 2034 1120 prius
2058 1027 2127 1094 in

156 1140 300 1213 quo
323 1115 463 1187 caeli
507 1113 661 1185 loeo
682 1114 957 1210 quilibet
994 1136 1220 1185 eorum
1242 1113 1355 1183 tali
1378 1134 1667 1211 tempore
1681 1118 1961 1189 versetur
1980 1175 2002 1200 ,
2050 1122 2129 1189 δε

154 1234 302 1307 quo
324 1206 528 1281 modo
550 1208 618 1278 id
638 1212 1011 1279 inveniatur.
1083 1208 1172 1278 Vt
1191 1227 1408 1279 autem
1429 1211 1657 1279 refflus
1680 1208 1833 1279 illud
1851 1210 2129 1307 explice-
2161 1279 2168 1290 ,

155 1326 347 1390 mus,
396 1324 649 1375 utemur
690 1302 799 1378 hic
840 1298 1188 1373 istiusmodi
1229 1303 1553 1399 exempln.
1625 1305 1807 1374 Pone
1839 1303 2130 1375 Planetas

155 1420 389 1469 omnes
409 1402 473 1468 in
544 1395 707 1468 lobo
727 1396 1044 1468 locandos
1066 1394 1215 1483 eisc,
1239 1418 1440 1493 prout
1458 1395 1518 1468 {e
1540 1394 1895 1468 habuerunt
1917 1401 1981 1466 in
2005 1421 2133 1468 cae·

154 1493 252 1580 lo,
280 1491 461 1562 Amst
522 1491 743 1563 odami
763 1512 936 1563 anno
957 1519 987 1562 1
1000 1497 1163 1588 634,
1190 1494 1466 1563 Ianuarii
1488 1490 1596 1562 die
1615 1492 1680 1577 8,
1705 1486 1949 1588 vesperi
1969 1491 2131 1565 hora

158 1611 273 1659 ιο.
345 1584 591 1681 Inspice
640 1587 1097 1684 Ephemerides
1157 1584 1405 1682 aliquas
1450 1638 1472 1672 ,
1539 1606 1692 1681 puta
1753 1609 1862 1658 eas
1904 1608 2050 1683 quae
2087 1591 2128 1659 ὲ
2245 1633 2252 1639 -

155 1685 265 1752 M.
288 1679 533 1753 Davide
548 1685 799 1790 Ongano
837 1680 1028 1753 editae
1064 1678 1207 1758 sunt
1249 1681 1333 1754 ad
1353 1679 1824 1776 longitudinem
1843 1683 2127 1755 civitatis

155 1777 211 1847 F
211 1772 703 1848 rancofurtenfis
726 1774 809 1846 ad
830 1775 1122 1847 Oderam
1144 1829 1164 1861 ,
1188 1798 1266 1845 ac
1285 1795 1442 1847 nota
1462 1798 1657 1871 quam
1679 1774 1960 1848 habeant
1977 1774 2129 1849 Pla-

155 1889 325 1942 netae
366 1869 841 1966 longitudinem
902 1892 980 1938 ac
1021 1867 1425 1940 latitudinem
1490 1870 1573 1939 ad
1616 1869 1950 1942 meridiem
1995 1870 2128 1944 diei

151 1963 530 2063 propofitae,
556 1969 630 2035 δε
650 1965 927 2039 invenies
948 1960 1084 2032 illas
1105 1960 1289 2054 hujus
1305 1958 1763 2058 dispofitionis.

228 2173 245 2184 .
933 2114 1275 2216 Qandoo
1634 2118 1941 2190 Latitudoo

249 2236 431 2311 Solis
751 2237 832 2308 18
881 2292 901 2313 .
993 2261 1088 2334 24
1127 2295 1143 2310 .
1270 2234 1339 2329 16
1487 2261 1533 2308 0
1576 2286 1597 2310 .
1736 2261 1783 2306 o
1953 2230 1958 2237 ’

245 2336 451 2406 Lunae
749 2356 834 2403 12
885 2381 941 2404 .-
1011 2359 1098 2405 10
1139 2389 1158 2407 .
1255 2337 1340 2404 ‘0‘
1494 2357 1527 2427 3
1581 2389 1599 2410 .
1675 2355 1786 2419 ,12
1881 2331 1956 2403 S.

248 2427 511 2501 Saturni
750 2428 834 2510 17
879 2462 921 2501 .*
1040 2450 1091 2523 4
1135 2483 1153 2501 .
1243 2447 1338 2504 4>
1490 2451 1524 2496 1
1574 2478 1598 2502 .
1691 2431 1788 2522 46
1877 2426 1945 2498 S.

247 2523 427 2594 Iovis
744 2542 834 2592 22
880 2571 901 2595 .
1007 2544 1101 2619 34
1145 2573 1166 2595 .
1263 2539 1339 2604 Π
1491 2549 1525 2594 1
1576 2571 1597 2595 .
1739 2544 1788 2591 2
1881 2523 1992 2593 M.

247 2617 489 2687 Martis
747 2639 835 2698 27
885 2671 903 2689 .
1004 2642 1090 2714 37
1143 2669 1165 2693 .
1261 2647 1340 2726 ¹oe
1484 2642 1530 2690 2.
1589 2666 1611 2690 .
1709 2615 1790 2711 38
1887 2614 1961 2686 S.

250 2709 517 2781 Veneris
754 2734 835 2798 19
886 2764 904 2782 .
1006 2736 1091 2783 12
1145 2769 1162 2787 .
1247 2745 1342 2800 q.)
1495 2738 1529 2783 1
1583 2760 1604 2782 .
1705 2732 1798 2800 14
1887 2712 1955 2779 S.

140 2881 149 2905 Ι
251 2802 567 2877 Mercurii
649 2861 657 2870 .
795 2826 844 2873 2
885 2857 905 2878 .
1008 2829 1091 2901 33
1148 2855 1169 2876 .
1239 2842 1343 2898 m
1491 2829 1536 2872 ο
1584 2852 1605 2871 .
1745 2807 1791 2870 6
1878 2803 1952 2872 S.

535 2936 880 3095 sequentis
897 3004 1055 3057 vero
1075 2981 1209 3054 diei
1223 3008 1267 3072 9
1280 2980 1584 3070 meridie,
1606 2978 1712 3073 huj
1719 3001 1793 3050 us

983 3100 1329 3206 ngitudo.
1660 3099 1972 3173 Latitude.

264 3211 441 3286 Solis.
768 3238 849 3303 19
893 3263 915 3288 .
1010 3238 1099 3308 25
1154 3264 1176 3289 .
1286 3215 1357 3311 56
1514 3241 1559 3285 0
1766 3239 1813 3284 o

259 3310 462 3379 Lunae
762 3329 854 3402 24
901 3358 923 3383 .
1027 3332 1112 3405 55
1162 3360 1184 3382 .
1278 3319 1364 3386 *ό
1521 3334 1555 3405 3
1726 3308 1812 3401 58
1904 3311 1950 3383 S

260 3403 521 3474 Saturni
768 3429 850 3485 17
899 3453 923 3477 .
1016 3430 1101 3476 11
1150 3452 1174 3476 .
1271 3424 1366 3482 4>
1519 3429 1554 3473 1
1607 3458 1624 3475 .
1717 3407 1819 3499 46
1911 3406 1980 3478 S.

260 3497 446 3570 Iovis
762 3521 853 3569 22
902 3554 919 3571 .
1016 3499 1103 3571 28
1154 3548 1176 3570 .
1290 3515 1371 3582 Π
1465 3528 1470 3577 τ
1520 3523 1555 3570 1
1610 3545 1632 3571 .
1780 3525 1817 3570 1
1909 3503 2020 3572 M.
2119 3588 2126 3595 .

256 3591 510 3663 Martis
762 3616 850 3674 27
900 3642 921 3664 .
1021 3618 1109 3687 52
1156 3642 1178 3666 .
1288 3623 1370 3702 ¹¹2
1517 3615 1562 3666 2
1725 3615 1819 3689 40
1908 3596 1980 3680 S.

256 3684 533 3756 Veneris
762 3710 852 3758 20
897 3734 920 3762 .
1013 3712 1106 3772 27
1157 3735 1178 3760 .
1271 3719 1365 3774 4>
1523 3711 1558 3758 1
1733 3711 1815 3757 11
1911 3688 1987 3760 S.

253 3778 580 3857 Mercurii
801 3803 847 3854 2
898 3829 921 3857 ι
1016 3802 1110 3876 42
1155 3830 1178 3855 o
1269 3818 1374 3879 m
1519 3805 1566 3852 Ο
1722 3803 1812 3854 21
1910 3781 1982 3851 So
