2666 4469
485 188 693 251 pan
776 189 1274 253 TERRAM
1360 193 1965 261 MonrtEM.
2111 220 2210 279 243

221 304 301 355 ta
343 278 436 352 est
481 279 876 377 declinatio)
921 288 993 354 δε
1034 285 1403 357 verticalem
1448 291 1512 357 in
1561 290 1903 368 horizonte
1949 293 2206 368 colloca
2282 347 2285 350 -

221 377 320 448 ab
343 374 575 445 occasu
618 400 728 446 ant
769 400 918 448 ortu
939 376 1144 449 versus
1168 382 1501 452 meridiem
1526 386 1707 477 grad.
1732 409 1821 458 20
1846 441 1867 472 ,
1916 390 1943 482 (
1964 413 2204 484 quanta

221 473 325 544 est
346 472 680 541 inclinatio
707 469 1107 567 superficiei)
1156 476 1394 546 &vide
1428 499 1594 572 quot
1631 481 1944 553 verticalis
1967 486 2202 580 gradus

222 561 639 644 intercedant
681 571 843 637 inter
881 591 1273 662 aequatorem
1298 574 1371 639 &
1393 570 1845 644 horizontem:
1895 576 2205 652 invenies-

223 685 365 757 que
391 686 417 727 1
434 685 465 726 1
492 659 677 753 grad.
729 687 812 730 1o
854 665 1083 733 minut.
1132 666 1264 731 Eos
1284 688 1548 741 numera
1565 671 1598 737 a
1621 668 1784 738 line-a
1806 669 1985 742 horae
2016 699 2099 745 12
2120 674 2203 745 ad

221 752 536 826 occasum
562 808 582 839 ,
625 760 698 824 &
722 779 802 825 ex
828 777 1054 827 centro
1076 760 1136 826 A
1153 754 1284 826 duc
1307 783 1421 855 per
1440 784 1623 830 arcus
1669 768 2012 836 terminum
2034 823 2053 853 ‚
2094 793 2202 839 re-

219 851 403 921 &am
450 848 514 916 A
539 848 599 917 C
624 901 645 933 ‚
694 873 964 945 eamque
999 855 1174 945 erige
1212 851 1294 920 ad
1332 856 1900 950 perpendiculum,
1948 865 2201 959 eritque

222 943 659 1037 horologium
680 942 1048 1040 dispofitum
1070 966 1267 1041 prout
1286 948 1663 1043 oportebat.

426 1132 975 1205 -‘LXVII.
1074 1136 1918 1220 PROBLEMA.

689 1269 990 1384 Hbrologia
1027 1251 1433 1379 aequinofflialia
1471 1286 1740 1378 conficere.
1868 1305 1871 1308 ’

222 1414 375 1575 IN
393 1409 755 1505 horologiis
777 1412 1328 1505 aequinoctialibus
1352 1410 1739 1485 constituunt
1762 1414 1952 1487 horas
1977 1473 1995 1496 ,
2044 1435 2190 1509 par·
2219 1444 2245 1482 1
2272 1440 2412 1499 parm

297 1528 393 1577 tes
414 1505 683 1600 aequales
707 1505 931 1574 circuli
974 1506 1255 1591 horarii,
1300 1517 1305 1522 ’
1348 1506 1488 1576 lane
1527 1527 1595 1577 ut
1638 1509 1878 1579 umbrae
1903 1514 2036 1580 axis
2060 1530 2188 1578 ter·
2210 1501 2420 1604 {202‘2120'2

223 1605 362 1672 reni
384 1596 738 1694 incidentes
761 1601 826 1667 in
846 1599 1253 1672 horizontem
1276 1532 1529 1695 lghaerae
1594 1602 1860 1689 arallelae
1884 1658 1905 1689 ‚
1951 1627 2098 1674 eum
2125 1605 2191 1671 in
2361 1593 2377 1606 ⁶

223 1694 494 1791 aequalia
528 1690 851 1791 segmenta
885 1693 1143 1792 fingulis
1186 1698 1362 1768 hon's
1399 1696 1529 1767 divi
1579 1699 1697 1786 un'tr
1718 1751 1738 1783 ‚
1789 1696 1971 1794 quod
2001 1698 2194 1768 latius

228 1789 621 1861 declaratum
638 1788 729 1859 est
756 1808 935 1887 parte
957 1794 1163 1885 prima
1186 1791 1589 1887 problemate
1615 1815 1814 1863 Lx1x.

340 1978 967 2051 ·vanL
1108 1982 1950 2076 PROBLEMA

659 2142 1010 2213 Meridiana
1046 2144 1119 2213 ὅ
1158 2146 1388 2213 Polaria
1418 2141 1734 2233 coefirusre.

228 2265 745 2431 MEridiana
815 2270 889 2336 δε
943 2265 1196 2337 Polaria
1241 2267 1576 2338 scioterica
1632 2267 1700 2333 in
1759 2259 2184 2357 descriptione
2210 2264 2388 2323 ¹»an

2131 2359 2143 2371 .
2200 2327 2414 2386 problema
2542 2342 2547 2351 ·

451 2364 839 2433 conveniunt
866 2413 887 2447 ,
926 2358 1230 2432 differunt
1264 2362 1467 2431 solum
1515 2367 1578 2428 in
1624 2379 1920 2450 tempore
1992 2359 2178 2429 Divi·
2207 2395 2316 2430 m.
2356 2392 2410 2432 v-

215 2454 457 2530 duntur
499 2474 712 2526 autem
756 2479 837 2526 ex
882 2456 1126 2525 circulo
1170 2454 1651 2550 repraesentante
1675 2450 2183 2546 aequinoffialem
2207 2455 2351 2496 ²¹¹¹·

214 2557 282 2622 in
350 2572 513 2624 artes
533 2548 805 2645 aequales
832 2604 851 2635 ,
905 2572 1102 2646 prout
1136 2575 1228 2621 eae
1265 2557 1302 2621 a
1341 2552 1491 2621 Sole
1515 2552 1578 2617 in
1600 2547 1807 2617 limbo
1838 2547 2181 2639 aequatoris

217 2576 757 2718 dill’ribuunturlin
780 2642 1016 2739 sphaera
1036 2646 1230 2716 redta.
1282 2643 1449 2716 Vide
1480 2643 1563 2714 de
1599 2644 1696 2713 his
1737 2641 1914 2736 plura
1937 2643 2003 2709 in
2022 2664 2180 2735 pro-

220 2741 501 2817 blemate
518 2761 658 2810 Lxx
688 2742 760 2808 δε
782 2762 959 2810 Lxxr
990 2744 1186 2836 partis
1212 2742 1453 2836 primae.

463 2905 983 2978 SECVNDI
1047 2907 1528 2976 MEMBRI
1596 2902 1942 2974 FINIS.

388 3028 668 3100 Voniam
733 3027 1160 3099 loxodromiae
1219 3031 1487 3098 nauticae
1548 3023 1719 3094 usum
1767 3042 2013 3094 tantum
2059 3023 2175 3091 ha·-

392 3123 545 3194 bent
588 3127 653 3194 in
733 3122 1366 3195 lobo'terrestrifflfine
1403 3117 1761 3191 discrimine
1805 3138 2020 3187 motus
2043 3119 2176 3210 ejus

212 3239 321 3289 aut
342 3223 577 3315 quietis
600 3272 620 3303 ‚
663 3243 705 3314 p
731 3218 947 3289 uribus
972 3216 1053 3286 de
1077 3219 1151 3285 iis
1176 3217 1483 3287 hocloco
1506 3239 1637 3283 non
1661 3236 1920 3308 agemus
1948 3266 1967 3297 ,
2009 3208 2179 3282 suffi-

211 3338 358 3385 cere
402 3312 780 3386 arbitrantes
816 3337 960 3410 quae
1002 3310 1254 3382 abunde
1281 3309 1427 3382 {atis
1449 3316 1488 3380 a
1509 3311 1698 3380 nobis
1737 3305 1909 3377 dieta
1940 3302 2174 3379 fimtin

212 3429 390 3507 parte
414 3409 642 3506 prima.

894 3593 1517 3666 FINIS.
