2666 4469
322 184 536 245 PER
629 181 1126 245 TERRAM
1223 180 1972 245 IMMOBILBM.
2052 200 2159 254 199

183 280 532 352 obtinente
554 330 573 361 ,
615 298 791 349 verte
812 277 1088 374 globum
1128 269 1314 349 terrae3
1332 277 1548 349 donec
1590 278 1753 350 latus
1793 279 2158 351 horizontis

186 372 501 446 orientale
526 369 712 442 stellae
730 373 1127 468 applicetur3
1173 376 1247 442 δε
1269 372 1519 445 videbis
1557 377 1704 471 quis
1743 372 1979 470 gradus
2000 372 2157 448 ecli-

190 473 387 567 pticae
411 466 592 537 fimul
642 467 1049 538 horizontem
1090 466 1384 538 obtineat
1406 519 1427 551 ‚
1470 471 1545 536 &
1567 491 1718 539 cum
1740 469 1849 540 tali
1872 468 2041 544 stella
2056 468 2157 538 su-

243 587 310 632 ra
333 585 481 636 eum
506 556 823 633 ascendat.
868 562 1026 632 Inde
1066 562 1251 635 volve
1288 560 1562 658 globum
1600 562 1819 633 donec
1836 561 2004 634 stella
2023 585 2162 634 ver-

189 588 363 729 gitur
399 661 463 725 in
500 656 881 727 occidentali
920 657 1279 727 horizontis
1322 655 1517 727 latere
1540 709 1562 742 ,
1610 661 1686 727 &
1727 679 1949 728 cernes
1990 653 2166 752 quis-

191 776 345 822 nam
382 750 697 842 eclipticae
733 749 964 846 gradus
1007 748 1185 824 fimul
1226 752 1635 824 horizontem
1673 772 1886 823 teneat
1913 756 1987 822 &
2010 769 2160 824 cum

192 847 310 918 tali
328 843 499 915 stella
518 841 877 950 descendat.

572 1036 844 1104 XIX.
954 1034 1801 1104 PROBLEMA.

256 1198 491 1267 Horam
508 1212 658 1261 mus
678 1188 752 1259 &
763 1153 981 1284 παρ,
999 1186 1138 1257 sotis
1152 1187 1418 1288 indagare
1432 1186 1515 1257 ad
1531 1186 1738 1259 dam
1755 1194 1891 1259 anm·
1904 1210 2052 1259 cem-

683 1306 795 1380 pus
818 1338 839 1365 ,
882 1280 1281 1390 &qumzbet
1297 1282 1677 1354 latitudinem.

324 1407 437 1475 Ro
454 1404 754 1500 exemplo
772 1406 1166 1498 inquiremus
1194 1455 1216 1489 ‚
1260 1424 1399 1497 quo
1436 1421 1730 1497 tempore
1764 1401 1881 1472 Sol
1920 1398 2167 1475 Amste-
2200 1420 2222 1459 1
2256 1409 2396 1473 7⁰¹⁸*

172 1546 176 1552 ‚
203 1416 314 1569 P
318 1500 562 1573 lodami
579 1502 823 1569 oriatur
866 1497 971 1570 die
1026 1523 1112 1593 30
1160 1497 1323 1571 Iulii.
1377 1495 1667 1570 Indicem
1714 1495 1872 1567 disci
1911 1494 2172 1567 mobilis
2191 1475 2402 1579 Zfffm

197 1595 450 1692 applica
481 1620 566 1687 30
584 1594 714 1664 diei
737 1592 910 1678 Iulii,
936 1592 1347 1665 &videbitur
1367 1592 1481 1665 Sol
1505 1595 1571 1661 in
1593 1618 1634 1672 7
1659 1591 1862 1687 gradu
1904 1590 2170 1661 Leonis.

197 1690 358 1763 lude
381 1690 792 1762 horizontem
826 1690 894 1758 in
931 1683 1360 1784 septentrione
1404 1684 1567 1758 infra
1607 1687 1842 1758 Polum
1885 1683 2178 1781 deprime

199 1782 386 1881 grad.
417 1803 523 1874 52,
549 1786 706 1852 min.
735 1805 852 1875 23,
873 1789 1110 1876 quanta
1131 1782 1220 1852 est
1238 1783 1520 1854 latitudo
1547 1779 2178 1863 AmstelodamenGS,

205 1884 283 1948 δε
302 1896 477 1945 verte
498 1874 770 1970 globum
792 1892 973 1943 terrae
993 1873 1210 1945 donec
1242 1876 1664 1944 meridianum
1701 1874 1816 1944 Sol
1864 1893 2179 1967 occupet,

202 1970 615 2063 iudicemque
634 1967 910 2061 adjunge
946 1966 1123 2036 horae
1156 1967 1564 2039 duodecimae
1583 1972 1648 2036 in
1669 1966 1862 2059 cyclo
1883 1966 2174 2037 horario,

203 2069 386 2136 Tum
401 2063 591 2133 volve
656 2059 883 2130 lobum
905 2080 1089 2131 terrae
1119 2062 1332 2132 donec
1365 2061 1535 2131 latus
1578 2059 1953 2130 horizontis
1964 2064 2186 2130 orien-
2328 2137 2333 2140 ¹

185 2159 333 2229 -tale
360 2156 581 2232 Solem
691 2158 862 2250 ‘ngat
880 2208 901 2241 ‚
926 2177 1200 2250 eumque
1218 2159 1284 2225 in
1303 2155 1434 2224 hoc
1455 2153 1572 2223 fitu
1595 2156 1799 2224 retine
1823 2207 1846 2240 ‚
1888 2160 1962 2224 &
1987 2148 2186 2250 respi-
2278 2233 2285 2239 ‚

206 2258 287 2325 c'e
308 2276 505 2349 quam
526 2251 753 2321 horam
781 2248 1070 2321 ostendat
1113 2249 1351 2320 index:
1391 2253 1671 2322 invenies
1711 2249 1902 2320 horas
1921 2271 1993 2343 4,
2014 2254 2173 2319 min.

191 2354 298 2431 '17
330 2345 473 2444 post
489 2346 768 2417 mediam
786 2345 1074 2431 nostem,
1101 2369 1224 2441 pro
1247 2366 1378 2415 tem
1426 2368 1543 2416 ore
1563 2366 1744 2416 ortus
1764 2345 1958 2417 Solis.

199 2504 206 2519 .
295 2442 405 2513 Ad
426 2439 872 2514 inveniendam
913 2439 1141 2511 horam
1180 2464 1267 2512 oc
1375 2466 1445 2511 us
1486 2440 1694 2513 Solis:
1742 2440 1957 2510 indice
1976 2459 2046 2510 ut
2066 2462 2182 2508 an·-

181 2559 274 2611 ·te
293 2536 662 2632 compofito
686 2593 705 2617 ,
759 2554 935 2606 verte
964 2535 1239 2630 globum
1262 2555 1444 2607 terrae
1462 2535 1677 2609 donec
1690 2534 1852 2607 latus
1875 2536 2186 2606 horizon-

205 2635 291 2705 tis
313 2629 719 2705 occidentale
740 2653 777 2699 a
798 2631 803 2637 ’
826 2651 1102 2726 ponatur
1122 2630 1261 2704 Soli
1288 2684 1309 2716 ,
1361 2635 1436 2701 δε
1456 2629 1749 2702 ostendet
1776 2631 1973 2701 index
1989 2630 2183 2699 horas

208 2756 279 2814 7,
309 2727 518 2820 scrup.
544 2749 632 2817 43
659 2748 750 2817 po
823 2725 1154 2796 meridiem
1174 2782 1197 2807 ,
1240 2748 1367 2816 pro
1407 2743 1707 2820 tempore
1728 2723 1993 2793 occasus
2013 2722 2187 2792 Solis

183 2821 295 2893 ed
315 2821 493 2889 diem
519 2814 942 2913 propositum.
1242 2836 1244 2839 ’

189 2942 202 2967 1
304 2908 684 3005 Qomodo
717 2928 865 2978 tam
889 2926 1086 2978 ortus
1127 2928 1324 3003 quam
1352 2908 1615 2993 occasus
1640 2909 1811 2981 Solis
1833 2911 2188 2980 inveniatur

189 3030 331 3105 .per
350 3006 586 3103 gradus
620 3006 967 3099 aequatoris
987 3055 1008 3088 ,
1060 3007 1135 3072 &
1157 2999 1587 3077 ascensionem
1611 3004 1950 3102 obliquam
1972 3057 1996 3095 ,
2039 3002 2188 3079 vide

213 3109 282 3176 in
305 3101 851 3199 problematexn
866 3125 900 3168 1
926 3100 1126 3195 partis
1150 3101 1391 3196 primae.

621 3293 823 3364 XX.
936 3284 1781 3361 PROBBEMA.

352 3446 788 3551 Lopgitudinem
806 3445 1030 3520 dierum
1051 3449 1125 3521 ἐξ
1142 3452 1394 3537 noelium
1425 3425 1670 3521 invenire
1705 3422 1911 3544 quovis.
1944 3449 2052 3517 loco

183 3636 210 3647 .,
416 3640 421 3645 ι
876 3620 903 3635 ι,
1018 3545 1106 3616 &'
1132 3566 1385 3644 tempore.

187 3704 192 3707 ²
224 3674 633 3844 Exempli
670 3674 825 3748 loco
863 3679 1258 3791 inquiremus
1283 3676 1756 3792 iongitudinem
1783 3676 1915 3747 diei
1957 3680 2034 3746 δε
2064 3698 2190 3786 no·
2219 3706 2423 3807 ¹⁷52*ssss

369 3771 495 3848 ἃιε
543 3769 1003 3846 Amstelodami
1042 3770 1127 3844 ad
1163 3772 1361 3938 ‘¹¹⁶¹ss
1381 3797 1465 3960 34o
1500 3774 1668 3846 Iulu.
1713 3771 1866 3846 Sole
1902 3771 2194 3941 δενέποεέιτῑιὲ
2211 3770 2340 3888 {m
