2666 4469
506 192 719 253 PER
796 189 1302 252 TERRAM
1388 189 1975 254 Mon-ILEM.
2110 213 2208 267 ης

239 293 555 366 ridianum
574 286 685 383 finp
736 310 863 359 one
910 288 1163 358 Coluro
1191 340 1212 372 ,
1255 285 1863 383 iudicemquchorae
1891 314 1974 359 12
2001 290 2209 385 appli-

238 411 423 472 ca,ac
442 406 684 478 verte-g
707 382 911 478 obum
938 401 1120 451 terrae
1141 382 1210 451 in
1229 380 1527 457 occasum
1556 436 1576 467 ‚
1613 379 1827 454 donec
1847 383 2040 455 index
2060 407 2210 480 per-.

236 501 451 551 currat
476 479 667 554 horas
692 502 763 561 2,
786 478 935 545 min.
965 500 1082 567 24,
1112 494 1306 568 atque
1349 479 1435 552 ita
1475 475 1767 553 ostendat
1788 476 1977 548 horas
1999 504 2071 567 9,
2091 480 2212 554 mi-

237 595 378 647 nut.
423 579 538 669 36.
590 569 756 641 Vide
785 592 953 667 ergo
980 569 1090 641 ubi
1112 568 1393 644 Colu'rus
1437 567 1602 644 secet
1639 570 2050 646 horizontem
2070 625 2091 660 ‚
2136 578 2212 645 &

256 2090 542 2162 invenies
559 2110 663 2194 gr.
686 2111 807 2170 21,
834 2090 987 2157 min.
1014 2109 1058 2179 4
1079 2092 1116 2156 ὲ
1137 2086 1341 2159 borea
1361 2085 1444 2160 ad
1463 2082 1786 2161 occasum.
1815 2090 1950 2160 Eos
1967 2109 2228 2158 numera

257 2189 328 2256 in
349 2181 415 2256 su
463 2181 737 2255 erhcieh
763 2180 822 2251 C
844 2180 1053 2254 versus
1074 2184 1154 2266 B,
1190 2187 1262 2257 δε
1298 2205 1413 2278 per
1449 2184 1791 2253 terminum
1833 2178 2229 2252 numeratio-.-

260 2283 363 2350 nis
391 2207 520 2349 effic
557 2300 639 2348 ex
681 2283 741 2345 A
783 2275 1015 2348 lineam
1036 2277 1314 2350 restam:
1357 2300 1432 2347 ea
1453 2275 1682 2348 referet
1703 2276 2124 2349 meridianum
2143 2273 2228 2346 ad

258 2371 499 2443 dietam
540 2369 942 2442 latitudinem
966 2369 1297 2442 austrinam
1327 2423 1348 2454 ‚
1401 2374 1476 2441 δε
1513 2374 1580 2442 in
1613 2371 1745 2442 hoc
1778 2369 2121 2442 scioterico
2149 2368 2232 2440 li-

264 2491 451 2540 neam
474 2463 895 2558 substylarem.
945 2467 1296 2536 Horizonti
1343 2462 1440 2535 fic'
1468 2486 1722 2537 retento
1768 2468 2068 2559 imprime
2104 2488 2230 2535 no·

262 2583 398 2634 tam
426 2560 539 2632 ubi
556 2559 798 2630 secatur
817 2565 853 2627 ὲ
872 2558 1124 2630 Coluro
1148 2568 1185 2644 ,<
1213 2564 1288 2629 δε
1324 2580 1628 2638 converte
1666 2560 1947 2631 indicem
1979 2559 2064 2630 ad
2103 2557 2230 2630 ho-

262 2681 402 2728 ram
428 2679 537 2725 12.
592 2653 681 2723 Vt
700 2655 829 2745 jam
852 2657 1130 2725 invenias
1154 2655 1440 2725 horarias
1464 2655 1993 2726 antemeridianas
2015 2705 2038 2737 ‚
2084 2675 2230 2722 ver·

266 2772 333 2822 te
355 2748 628 2845 globum
646 2767 829 2816 terrae
852 2751 917 2816 in
939 2745 1273 2829 occasum,
1314 2748 1527 2816 donec
1570 2747 1764 2818 index
1806 2745 2097 2817 ostendat
2143 2771 2171 2814 1
2190 2771 2224 2819 1

266 2863 414 2915 ante
436 2838 766 2910 meridiem
793 2891 813 2922 ‚
851 2840 1099 2911 ac-vide
1121 2840 1235 2910 ubi
1258 2838 1540 2911 Colurus
1581 2839 1748 2910 secet
1790 2840 2234 2928 horizonte-mg

256 2939 549 3008 invenies
566 2931 911 3005 ssffionem
946 2933 1173 3005 distare
1191 2939 1229 3005 ὲ
1248 2954 1406 3006 nota
1425 2932 1716 3030 imprefla
1757 2955 1858 3028 gr.
1913 2959 2024 3018 12,
2069 2937 2232 3030 mini

269 3058 341 3122 93
365 3035 491 3100 &h
509 3029 862 3100 meridiano
885 3052 985 3124 gr.
1020 3055 1134 3122 33,
1169 3032 1328 3100 min.
1385 3055 1492 3124 13.
1543 3032 1841 3102 Numera
1873 3051 2035 3124 ergo
2055 3031 2120 3100 in
2141 3025 2236 3124 st-

272 3122 615 3197 micirculo
654 3142 764 3194 aut
801 3125 840 3193 ὲ
883 3123 971 3206 C,
1017 3145 1113 3219 gr.
1148 3147 1255 3204 12,
1286 3126 1441 3194 min.
1469 3149 1534 3210 9,
1561 3121 1909 3194 anthlinea
1947 3126 2080 3195 ΑΕ
2172 3145 2229 3197 t.

280 3245 315 3316 3
336 3245 396 3313 3,
422 3222 572 3288 min.
603 3242 683 3311 13
716 3212 920 3290 versus
942 3220 1039 3302 D,
1063 3216 1245 3312 quod
1267 3216 1440 3290 idem
1461 3216 1592 3303 est,
1644 3221 1720 3288 δι
1760 3239 1840 3287 ex
1882 3219 1942 3288 A
1981 3216 2111 3289 duc
2175 3222 2235 3294 i-

260 3338 461 3385 neam
483 3311 721 3384 restam
744 3336 865 3408 pro
886 3312 1137 3383 horaria
1158 3312 1529 3385 undecimae.
1579 3314 1756 3383 Hinc
1798 3335 2000 3408 porro
2045 3311 2231 3387 volve

273 3407 545 3506 globum
566 3427 748 3478 terrae
764 3411 830 3478 in
850 3403 1149 3479 oceasum
1172 3459 1193 3490 ‚
1220 3406 1438 3479 donec
1462 3404 1657 3478 index
1675 3407 1983 3481 monstret
2001 3407 2232 3480 horam

280 3529 391 3586 103
407 3525 493 3571 *ac
516 3499 665 3572 vide
685 3503 799 3573 ubi
824 3501 1103 3572 Colurus
1145 3497 1315 3574 secet
1337 3503 1746 3574 horizontem
1767 3556 1790 3589 ,
1833 3505 2113 3587 invenies
2134 3499 2232 3574 fi:-

221 3629 228 3637 ·
273 3598 560 3668 &ionem
578 3600 619 3666 ὲ
634 3618 789 3668 nota
810 3597 1112 3694 praedifflr
1133 3596 1359 3669 distare
1376 3620 1477 3695 gr.
1502 3597 1618 3684 28,
1644 3602 1795 3670 min.
1807 3620 1922 3689 57,
1949 3600 2023 3668 δε
2041 3599 2078 3669 ’ὲ
2098 3621 2240 3672 ωει-

275 3691 531 3767 ridiano
550 3712 650 3786 gr.
681 3697 957 3782 5o,1nin.
975 3717 1007 3765 1
1026 3741 1043 3759 .
1066 3690 1245 3763 Idem
1262 3693 1368 3763 fac
1389 3716 1512 3791 pro
1531 3691 1669 3763 aliis
1691 3691 1869 3763 horis
1889 3695 2238 3766 antemetia-

275 3788 488 3867 dianis
508 3839 534 3877 ,
575 3783 928 3866 &secabit
965 3785 1250 3861 Colurus
1287 3787 1715 3864 horizontem-
1725 3808 1846 3883 pro
1866 3785 2238 3952 homanum

2089 3902 2243 3954 nota
