2666 4469
445 213 624 298 >1422-
854 225 990 283 Da
1073 224 1280 285 v‘sv
1362 224 2153 294 stnffiizanvm

507 324 696 419 juxta
737 319 1234 395 declinationem
1277 322 1632 421 superficiei
1660 380 1681 413 ,
1734 332 1809 397 &
1828 333 2201 406 verticalem
2237 338 2538 436 impone

526 439 612 488 ro
633 418 1237 512 graduihorizontis
1257 422 1344 489 ab
1366 422 1515 489 oitu
1538 441 1648 490 aut
1669 421 1905 494 occasu
1924 426 2007 496 ad
2024 428 2332 518 austrum,
2360 436 2532 526 jux·-

517 531 584 582 ta
604 519 739 605 ejus
760 511 1240 584 reclinationem
1264 566 1285 597 ,
1329 537 1412 582 ac
1432 515 1581 585 vide
1600 539 1766 610 quot
1784 519 2026 614 gradus
2046 525 2357 596 verticalis
2412 550 2531 598 re-

521 612 845 702 periantur
866 611 1029 678 inter
1049 607 1465 701 horizontem
1509 614 1583 679 δε
1606 633 2002 706 aequatorem
2030 641 2050 684 ε
2088 621 2357 692 invenies
2390 643 2519 717 gr.

521 722 570 794 4
591 754 616 787 ‚
640 706 796 772 min.
818 726 930 791 25.
1000 704 1129 771 Eos
1153 711 1427 771 numera
1449 703 1530 774 ab
1556 705 1723 792 hora,
1741 730 1824 775 1¹2
1845 710 1912 777 in
1933 708 2232 781 occasum
2254 767 2277 798 ‚
2319 719 2392 783 δε
2420 737 2523 786 ex

520 817 747 866 centro
796 795 925 865 duc
967 794 1210 866 lineam*
1245 793 1484 868 ¹rectam
1531 800 1590 866 A
1615 798 1677 868 C
1702 852 1723 883 ,
1763 825 2039 898 eamque
2058 811 2233 902 erige
2253 808 2336 876 ad
2360 831 2518 902 per-

514 889 951 990 pendiculum,
971 893 1044 959 &
1065 892 1188 959 erit
1212 888 1628 990 horologium
1649 892 2024 990 dispositum
2045 903 2139 971 uti
2158 899 2455 973 decebat.
2498 893 2510 900 ⁴

868 1081 1244 1154 LXVI.
1338 1082 2168 1162 PROBLEMA.

781 1231 786 1240 ’
908 1234 1272 1306 ΒσιΙὶΜητὶα
1288 1197 1556 1303 inclinata
1564 1256 1661 1329 per
1678 1232 1833 1305 idem
1851 1237 2077 1332 efficere.

277 1383 453 1446 uma
606 1357 988 1456 Nvestigare
1031 1357 1272 1432 volens-
1293 1361 1362 1430 in
1383 1381 1512 1454 qua
1553 1379 1738 1430 terrae
1780 1386 1896 1433 ora
1933 1361 2296 1458 superficies
2317 1367 2485 1436 hori-

271 1447 481 1559 {2’5‘1‘2’2‘
605 1453 878 1525 zontalis
916 1458 1262 1527 conveniat
1295 1477 1535 1524 cumea
1559 1507 1580 1540 ‚
1631 1479 1777 1551 quae
1808 1458 2084 1553 exempli
2130 1458 2313 1532 causa
2333 1465 2487 1529 Am-

466 1537 484 1556 ’
515 1544 849 1619 steloda'mi
895 1574 979 1642 30
994 1546 1179 1644 grad.
1226 1547 1507 1620 declinat
1550 1547 1633 1618 ab
1655 1549 1861 1619 austro
1895 1549 2202 1622 adortum
2228 1584 2260 1634 ,·
2311 1559 2390 1623 &
2410 1578 2491 1623 20

515 1642 699 1738 grad.
744 1643 1080 1713 inclinatur
1102 1666 1124 1711 t
1175 1641 1589 1714 horizontem
1627 1667 1946 1739 compone
1977 1639 2063 1713 ad
2079 1645 2501 1717 latitudinem

514 1733 1166 1806 Amstelodamensem
1194 1792 1212 1816 ,
1261 1741 1339 1806 δε
1377 1738 1560 1834 (quia
1602 1738 1696 1809 ob
1729 1739 2191 1810 inclinationem
2210 1737 2506 1835 superfi-

514 1832 641 1900 ciei
665 1883 686 1916 ,
729 1831 865 1899 loci
899 1832 1143 1925 quaefiti
1169 1833 1406 1904 Zenith
1448 1830 1612 1902 infra
1632 1834 2037 1905 horizontem
2056 1834 2260 1927 cadit)
2292 1837 2503 1904 verti-

515 1923 723 1995 calem
744 1921 1013 2020 dispone
1034 1929 1100 1995 in
1126 1925 1472 1998 horizonte
1495 1931 1533 2000 e
1556 1931 1827 2023 regione
1845 1926 1979 1998 loci
2003 1981 2024 2014 ,
2077 1953 2155 2021 30
2177 1927 2490 2023 gradibus

512 2026 551 2092 a
573 2019 772 2090 borea
809 2023 877 2090 in
917 2017 1239 2091 occasum.
1306 2024 1501 2093 Verte
1539 2020 1686 2092 dein
1709 2022 1982 2117 globum
2017 2045 2198 2093 terrae
2219 2079 2237 2105 ,
2276 2021 2497 2091 donec

512 2138 605 2192 20
630 2114 1225 2210 gradusverticalis
1263 2116 1348 2186 ab
1370 2118 1711 2187 horizonte
1754 2136 1975 2212 tangat
2000 2118 2311 2187 Colurum
2343 2140 2363 2184 ε
2420 2119 2493 2183 &

514 2209 777 2283 firmato
799 2209 1007 2307 globo
1031 2269 1048 2292 ,
1097 2207 1351 2281 videbis
1372 2237 1460 2281 20
1481 2208 1753 2308 gradum
1794 2212 2110 2286 verticalis
2153 2216 2218 2282 in
2239 2210 2488 2281 Coluro

387 2348 392 2355 ·
512 2307 602 2376 ab
623 2328 950 2401 aequatore
970 2303 1096 2376 esse
1133 2303 1460 2376 borealem
1481 2305 1663 2402 grad.
1694 2330 1778 2399 50
1806 2360 1826 2393 ‚
1873 2312 2028 2378 min.
2051 2333 2095 2394 9
2123 2339 2145 2391 3
2194 2307 2376 2402 quod
2394 2305 2487 2374 in-

507 2400 687 2470 dicat
728 2400 949 2474 locum
995 2398 1325 2495 quaefitum
1368 2423 1450 2469 ex
1488 2399 1795 2496 opposito
1845 2405 1912 2471 in
1947 2422 2197 2472 tantum
2241 2399 2368 2472 effe
2407 2400 2486 2471 ab

507 2513 838 2586 aequatore
854 2493 1206 2565 australem.
1271 2493 1673 2565 Meridianus
1698 2518 1851 2566 vero
1871 2500 1993 2567 erit
2035 2499 2073 2564 a
2097 2494 2350 2566 Coluro
2370 2517 2484 2563 oc-

509 2586 842 2656 cidentalis
866 2639 887 2670 ,
935 2592 1024 2655 ita
1047 2606 1117 2654 ut
1136 2590 1301 2654 inter
1323 2607 1666 2679 utrumque
1686 2588 1918 2657 cadant
1934 2589 2176 2682 gradus
2202 2608 2488 2684 aequato-

500 2683 599 2752 'ris
617 2703 706 2775 47
731 2738 750 2763 ‚
799 2684 1025 2751 minut.
1049 2705 1091 2768 9
1118 2709 1140 2763 3
1237 2679 1371 2748 uod
1387 2684 1594 2773 arguit
1624 2681 1844 2751 locum
1880 2685 1946 2750 in
1973 2704 2225 2756 tantum
2246 2680 2370 2754 effe
2407 2707 2486 2752 o·

508 2775 946 2849 rientaliorem
965 2771 1186 2873 quoad
1229 2776 1677 2941 ongitudinem
1697 2807 1718 2860 3
1767 2799 1999 2871 nempe
2018 2778 2196 2850 horis
2224 2806 2256 2872 3
2286 2781 2478 2863 ,mim
2587 2832 2589 2909 A

510 2874 552 2944 8
584 2924 605 2958 ‚
653 2873 889 2967 quibus
938 2873 1050 2945 Sol
1098 2896 1183 2943 eo
1224 2874 1289 2940 in
1360 2895 1491 2943 oco
1537 2874 1724 2941 citius
1764 2875 2024 2966 attingit
2068 2873 2481 2949 meridianum
2586 2932 2587 2935 ,

508 2992 707 3065 quam
732 2968 1216 3040 Amstelodami.
1286 2963 1596 3037 Describe
1633 2969 1829 3061 igitur
1868 2965 2287 3063 horologium
2309 2967 2481 3037 bori-
2586 2982 2587 3007 ³

511 3060 772 3134 zontale
812 3062 894 3133 ad
933 3062 1337 3136 latitudinem
1357 3084 1458 3157 gr.
1491 3083 1577 3152 50
1599 3112 1620 3146 ,
1666 3062 1824 3129 min.
1852 3088 1895 3150 9
1925 3115 1947 3145 ‚
1988 3062 2170 3156 quod
2196 3088 2229 3156 3
2259 3062 2437 3132 horis
2459 3113 2479 3146 ,

493 3160 739 3228 ·8‘min.
765 3154 956 3229 serius
994 3157 1239 3237 indicet
1263 3180 1459 3250 quam
1484 3153 1946 3226 Amstelodami
1987 3156 2190 3249 (velut
2207 3155 2275 3226 id
2298 3154 2481 3226 facile
2585 3212 2587 3259 Ι

495 3251 889 3346 intelligitur
934 3277 1016 3323 ex
1054 3257 1132 3325 iis
1172 3275 1318 3347 quae
1341 3249 1512 3320 dieta
1538 3245 1782 3318 suntin
1806 3251 2203 3345 problemate
2246 3274 2294 3322 L
2320 3275 2352 3318 1
2400 3248 2478 3320 de
2584 3314 2585 3325 ,

509 3345 868 3441 horologio
954 3351 1086 3422 uod
1126 3353 1192 3421 in
1229 3342 1908 3509 tempore-anticeifat)
1953 3351 2025 3416 δε
2051 3346 2391 3417 conveniet
2406 3345 2475 3416 il·
2582 3394 2585 3401 «

493 3441 623 3515 ,lud
650 3496 671 3525 ,
717 3464 870 3512 cum
919 3449 1235 3519 cioterico
1261 3439 1622 3513 declinante
1645 3444 1709 3509 in
1778 3444 1951 3511 inato
1976 3440 2468 3525 Amstelodami‚
2584 3516 2585 3525 χ

510 3536 707 3638 quale
727 3540 1128 3633 propofitum
1143 3538 1314 3609 estin
1336 3534 1651 3611 schemate
1671 3535 2086 3630 problematis
2107 3559 2237 3606 th
2253 3561 2283 3603 1
2300 3560 2361 3604 1.

607 3632 713 3702 Ad
745 3629 1107 3723 habendum
1140 3631 1493 3703 distantiam
1519 3628 2058 3724 perpendicularis
2100 3631 2308 3725 (juxta
2329 3651 2465 3724 pro-

516 3728 728 3800 blema
769 3743 987 3805 vart
1032 3732 1225 3826 partis
1248 3729 1498 3824 primae)
1536 3729 1570 3794 a
1592 3722 1756 3795 linea
1791 3725 1969 3795 horae
1993 3748 2073 3794 12
2098 3783 2118 3808 ‚
2170 3725 2469 3795 horizon·

513 3843 650 3901 tem
669 3823 751 3898 ad
770 3823 1052 3907 austrum
1062 3825 1351 3925 deprime
1383 3821 1497 3898 sub
1520 3839 1844 3920 aequatore
1862 3820 2057 3920 grad..
2074 3847 2160 3921 30
2180 3877 2201 3909 ,
2254 3821 2478 3986 (qtziaetg
2582 3916 2583 3919 Ν
