2666 4469
464 179 680 242 PER
760 179 1274 241 TERRAM
1354 179 1941 243 MOBILEM.
2079 206 2167 252 191

288 281 629 350 Diameter
674 278 858 348 orbis
908 280 1125 376 magni
1169 298 1357 349 terrae
1394 284 1565 351 circa
1598 280 1818 352 So'lem
1882 283 2176 353 continet

176 376 382 471 juxta
427 370 805 469 hypothesin
842 374 1181 469 Tychonis
1211 374 1459 444 Brahaei
1503 396 1684 466 1142
1728 394 1911 445 terrae
1936 377 2177 446 diame-

188 491 367 539 tros.
461 470 805 560 Qoniam
850 487 1010 564 ergo
1069 491 1151 537 ex
1198 473 1462 539 invento
1509 469 1919 540 Archimedis
1959 523 1981 555 ‚
2047 475 2175 540 cir-

190 559 642 634 cumferentiae
682 561 905 632 circuli
944 561 1026 631 ad
1068 558 1246 631 suum'
1266 562 1647 635 diametrum
1666 568 2014 659 proportio
2037 563 2127 635 est
2150 615 2174 650 ,

191 679 269 728 ut
293 683 386 727 22
428 656 513 725 ad
535 663 625 741 7'3
663 663 776 741 ‘via
822 675 1002 726 terrae
1051 658 1226 740 circa
1244 655 1462 727 Solem
1481 677 1654 752 patet
1673 658 2003 730 diametris
2041 680 2174 729 ter-

187 756 373 824 reni‘s
405 793 408 798 ι
428 751 665 854 3589÷·
761 749 848 819 Vt
896 774 1051 822 vero
1097 747 1363 821 sciamus
1388 804 1411 837 ,
1480 772 1646 846 quot
1694 752 1987 824 milliaria
2034 751 2210 848 spa--

189 875 369 941 tium
404 867 560 939 illud
587 884 924 961 ,occupent
949 897 976 950 ς
1020 869 1172 961 quia
1207 867 1487 940 ambitus
1522 890 1707 939 terrae
1727 870 1921 941 habet
1942 871 2174 940 millia-

189 970 307 1036 ria-
352 988 533 1057 5400
562 1014 583 1047 ,
644 959 954 1030 diameter
991 983 1257 1055 quoque
1298 965 1434 1057 ejus
1471 965 1656 1060 juxta
1702 963 2172 1057 praecedentem

188 1061 706 1157 proportionem
743 1052 834 1125 est
872 1053 1234 1125 milliarium
1279 1058 1544 1153 171835.
1626 1059 1692 1126 Si
1732 1082 1892 1154 ergo
1939 1059 2172 1153 praedi-

189 1171 896 1275 &atnamplitudinem
939 1176 1059 1244 viae
1096 1194 1280 1245 terrae
1323 1171 1816 1270 multiplicemus
1834 1180 1921 1244 'in
1944 1176 2175 1246 millia·

191 1276 299 1342 ria
333 1298 452 1352 171
468 1273 578 1372 ⁸³³1
622 1269 916 1338 diametri
961 1287 1271 1354 terrenae,
1322 1266 1645 1363 prodeunt
1681 1269 1969 1338 milliaria
2014 1294 2174 1365 pro-

161 1390 558 1485 pemodum
585 1379 897 1455 6166800
921 1438 943 1470 ‚
992 1408 1138 1480 quae
1185 1405 1352 1456 terra
1396 1389 1568 1456 circa
1608 1385 1827 1458 Solem
1853 1389 2165 1481 percurrit

187 1488 372 1555 intra
417 1505 646 1554 annum
691 1481 1043 1551 naturalem
1087 1480 1340 1551 dierum
1383 1486 1509 1576 365
1536 1534 1557 1566 ,
1593 1481 1895 1551 horarum
1935 1486 1978 1549 6
2003 1477 2163 1551 fere.

192 1579 421 1671 Qod
459 1578 511 1649 fi
544 1577 681 1672 jam
715 1572 1077 1646 dividamus
1098 1599 1435 1648 numerum
1466 1575 1648 1652 istum
1670 1575 2032 1645 milliarium
2055 1596 2171 1670 per

194 1680 421 1778 3653,
472 1673 854 1769 proveniunt
901 1670 1188 1744 milliaria
1221 1669 1597 1772 ‘16883g÷‚
1645 1694 1790 1766 quae
1831 1691 1997 1754 terra
2020 1691 2168 1764 per-

194 1810 386 1869 meat·
418 1793 583 1857 intra
625 1787 799 1858 diem
844 1788 1192 1858 naturalem
1236 1811 1332 1882 24
1371 1787 1694 1859 horarum.
1766 1792 1888 1858 His
1931 1793 2165 1862 iterum

194 1882 422 1958 divifis·
437 1904 551 1977 per
572 1903 669 1971 24
692 1933 713 1965 ,
758 1902 992 1952 exeunt
1010 1880 1299 1986 milliaria
1323 1906 1408 1960 70
1419 1900 1555 1979 ἢῆ
1576 1935 1597 1966 ‚
1648 1905 1792 1976 quae
1830 1902 1996 1953 terra
2019 1908 2168 1955 cur-

197 1996 412 2071 rendo
446 1991 717 2062 absolvit
756 1989 960 2086 spatio
983 1992 1182 2061 horae.
1256 1993 1561 2085 Denique
1589 2042 1610 2075 ,
1652 1988 1700 2060 fi
1751 2013 1987 2093 7033&-
2021 1993 2175 2072 mil...

196 2113 383 2183 liaria
429 2108 660 2174 iterum
704 2101 1066 2178 dividantur
1119 2127 1231 2196 per
1278 2108 1367 2172 60
1410 2157 1430 2189 ,
1499 2102 1821 2196 prodeunt
1877 2104 2167 2176 milliaria

207 2234 289 2278 11
298 2226 402 2312 {⁹1³³}
427 2254 448 2287 ‚
497 2220 642 2295 quae
683 2217 852 2270 terra
888 2200 1201 2294 percurrit
1248 2201 1411 2269 intra
1452 2221 1646 2268 unum
1680 2202 1999 2297 ¹temporis
2044 2203 2171 2270 mi·-

201 2342 455 2392 nutum.
523 2319 622 2387 Ex
662 2316 761 2387 his
808 2336 1024 2389 motus
1069 2337 1250 2389 terrae
1267 2341 1437 2413 quos
1457 2315 1651 2387 habet
1686 2318 1850 2388 intra
1874 2317 1932 2389 se
1981 2323 2171 2391 tima-

200 2440 318 2486 nas
346 2424 366 2494 ‚'
386 2412 627 2484 menies
651 2464 671 2498 ‚
693 2410 940 2505 aliaque
967 2415 1285 2505 tempora,
1309 2436 1391 2484 ex
1414 2431 1574 2483 voto
1598 2415 1662 2481 in
1683 2412 1930 2484 milliari
1985 2438 2054 2483 us
2074 2418 2170 2483 in-

199 2511 405 2674 venilri
428 2504 683 2607 possunt
708 2560 730 2595 ,
768 2508 1299 2605 operatione‘per
1318 2505 1743 2605 praecedentia
1761 2508 2054 2606 exempla
2072 2505 2170 2580 ia-

200 2625 286 2677 txs
310 2630 348 2676 c
372 2629 516 2677 ara.
1227 2624 1230 2627 “

548 2756 856 2827 VIII.
955 2759 1799 2829 PROBL-EMA.

452 2891 611 2954 Loca
632 2866 924 2973 stellarum
942 2884 1213 2977 fixarum
1251 2893 1313 2954 in
1352 2889 1594 2984 ecliptica
1629 2881 1919 2984 indagare.

213 3020 323 3173 P
352 3009 464 3077 Ro
487 3003 787 3101 exemplo
809 3059 830 3089 ‚
873 3008 1265 3100 inquiremus
1284 3007 1432 3078 loca
1450 3010 1698 3078 Arbluri
1720 3064 1739 3089 ‚
1774 3005 1877 3076 seu
1900 3005 2081 3077 clarae
2101 3011 2169 3081 in

352 3106 567 3172 tunica
610 3103 845 3171 Bootis
870 3152 892 3184 ‚
943 3105 1017 3168 &
1062 3105 1200 3171 Sirii
1243 3100 1707 3198 fulgentiffimae
1756 3101 1943 3173 stellae
1964 3103 2029 3171 in
2050 3128 2168 3176 ore

209 3200 389 3268 canis
404 3200 661 3290 majoris
690 3249 711 3280 ‚
756 3217 1029 3290 quarum
1049 3193 1152 3265 illa
1175 3197 1368 3268 habet
1389 3197 1786 3268 latitudinem
1807 3196 2176 3285 borealem,

206 3294 358 3365 haec·
383 3291 730 3364 australem.
804 3294 1129 3360 Aramum
1167 3315 1381 3387 quaere
1418 3295 1486 3364 in
1530 3294 1820 3362 interiori
1853 3290 2171 3387 eclipticae

204 3386 420 3467 limbo
438 3435 463 3475 ‚
483 3393 669 3481 eique
687 3383 963 3480 adjunge
985 3408 1179 3473 unum
1199 3390 1238 3458 e
1258 3386 1514 3459 circulis
1528 3386 2010 3482 *longitudinum
2033 3442 2054 3474 ‚
2092 3392 2167 3457 δε

206 3480 451 3578 respice
473 3482 679 3554 versus
701 3481 966 3551 boream
988 3536 1011 3561 ,
1051 3479 1265 3552 donec
1285 3481 1517 3555 obvies
1540 3483 1815 3554 Arcturo
1833 3536 1854 3568 ,
1896 3483 2005 3551 ubi
2026 3505 2170 3553 eam

206 3580 491 3650 invenies
515 3577 747 3646 haerere
768 3579 834 3645 i'n
857 3574 1094 3669 sphaera
1116 3630 1137 3662 ,
1156 3601 1305 3653 eum
1329 3598 1484 3673 puta
1510 3577 1634 3650 esse
1654 3577 1840 3651 stellae
1857 3578 2080 3647 locum
2102 3578 2173 3646 in

206 3674 372 3746 caelo
390 3693 583 3764 quem
604 3672 953 3765 quaerebas.

298 3764 409 3842 Ad
448 3763 897 3841 inveniendum
936 3764 1158 3839 locum
1195 3771 1378 3858 Sirii3
1417 3791 1633 3865 quaere
1667 3792 1811 3841 eam
1844 3762 2079 3928 stelllam
2100 3763 2170 3833 in

550 3873 553 3876 ’
959 3906 962 3909 Δ
1843 3882 1920 3933 ec
1947 3876 2170 3954 xptica‚
