2666 4469
433 189 631 262 ··17s
928 184 1057 245 οε
1115 139 2086 250 'anonim-frona
2175 191 2181 198 ’
2284 235 2291 240 ,

457 321 460 326 ·
532 282 713 357 suum
749 283 921 354 circa
959 285 1181 356 Solem
1202 335 1223 369 ‚
1270 285 1579 355 retinetur
1623 307 1742 353 axe
1780 282 1892 354 suo
1934 285 2015 357 ad
2036 287 2305 359 eandem
2326 285 2489 361 se‘nra'·

535 402 651 476 per
695 377 916 452 mundi
955 378 1208 476 plagam
1253 378 1539 448 dircen:
1590 402 1721 448 non
1760 376 1940 448 aliter
1977 402 2169 476 quam
2211 383 2403 454 index
2422 389 2482 455 iu

415 543 420 548 ,
537 473 680 544 rosa
721 471 1030 570 compaffi
1063 525 1084 559 ,
1136 476 1250 567 qui
1288 473 1666 544 incumbens
1706 471 1881 541 ferro
1927 496 2221 571 magnete
2258 479 2434 547 tado
2460 529 2482 563 ‚

535 568 836 731 diffiur
870 587 1185 663 perpetuo
1220 565 1429 637 versus
1471 563 1968 663 septentrionem
2013 621 2034 655 ‚
2080 591 2484 667 quocumque

536 683 604 732 ta

837 660 1041 732 modo
1082 684 1233 732 cum
1271 659 1513 759 pyxide
1544 717 1566 746 ,
1615 667 1722 731 cui
1763 661 2110 734 includitur
2146 716 2168 750 ‚
2215 678 2482 737 c1rcu‘m-

409 755 440 777 ''
538 756 824 829 vehatur.

627 853 702 919 In
723 850 1010 943 margine
1026 847 1184 919 disci
1215 847 1479 919 mobilis
1499 848 1539 920 ὲ
1561 852 1829 1014 reszgione
1849 847 2102 946 sphaerae
2123 904 2145 938 ‚
2193 850 2280 931 est
2297 849 2480 922 index

538 944 787 1037 ligneus
811 993 832 1027 ,
877 945 1080 1037 quiin
1101 940 1519 1014 conversione
1534 943 1602 1013 di
1630 949 1736 1030 ci,
1775 946 2080 1030 omnibus
2101 945 2248 1017 anni
2266 944 2481 1017 dicbus

537 1040 788 1132 imponi
809 1035 1040 1129 potest,
1066 1040 1177 1132 qui
1200 1037 1514 1108 habentur
1533 1041 1601 1109 in
1622 1037 2032 1109 Calendario.

635 1127 855 1223 Qod
897 1127 944 1201 fi
982 1133 1087 1201 cui
1124 1131 1264 1201 haec
1302 1128 1559 1228 sphaerae
1578 1131 1982 1204 *construe-io
2003 1127 2268 1204 absurda
2282 1129 2482 1204 videa-

546 1247 692 1308 tur,
740 1245 811 1295 ut
850 1221 1331 1297 disconveniens
1377 1229 1453 1295 &
1482 1249 1771 1337 pugnans
1811 1250 1959 1298 cum
1978 1250 2065 1297 eo
2084 1226 2267 1323 quod
2308 1230 2480 1326 inre-

548 1342 694 1391 rnm
732 1338 952 1389 natura
971 1342 1191 1390 revera
1210 1318 1462 1393 existit:
1512 1344 1722 1417 pnmo
1763 1322 1915 1414 quia
1950 1319 2085 1392 duo
2124 1322 2233 1392 hic
2274 1320 2494 1391 dantur.

550 1412 866 1497 zodiaci,
911 1437 1072 1484 unus
1095 1414 1336 1485 habens
1358 1412 1574 1485 Solem
1600 1468 1620 1501 ,
1660 1414 1820 1483 alter
1839 1433 2073 1483 terram
2096 1438 2220 1509 pro
2246 1421 2493 1499 centro,

551 1533 703 1580 cum
743 1513 957 1578 tamen
999 1533 1218 1581 revera
1256 1511 1320 1578 in
1358 1506 1521 1578 caelo
1539 1527 1783 1577 tantum
1803 1529 1962 1576 unus
1985 1505 2083 1576 fit.
2156 1505 2497 1590 Secundo,

551 1602 855 1771 33:23?
865 1602 1336 1795 1231‘1‘1255355
1319 1597 2062 1787 efffffflssfflffffs
2074 1618 2511 1788 ςζζέἕὲῖἰῗ

553 1815 698 1862 rum
732 1789 911 1859 simul
947 1813 1093 1860 cum
1133 1809 1298 1859 terra
1342 1790 1516 1855 circa
1534 1786 1754 1860 Solem
1777 1786 2040 1860 vehatur
2060 1839 2084 1873 ‚
2133 1787 2248 1856 ubi
2287 1804 2505 1856 tamen

555 1882 912 1960 immobilis
946 1883 1033 1953 est
1053 1935 1074 1969 ,
1129 1887 1206 1953 &
1227 1877 1449 1953 Solem
1494 1884 1561 1952 in
1583 1902 1813 1953 centro
1834 1882 2047 1953 habet.
2122 1882 2200 1950 Ei
2242 1878 2504 1990 respon·-

417 2001 424 2012 “
553 1982 684 2052 deo
706 2003 727 2049 ε
776 1976 884 2049 Ad
906 1980 1180 2073 primum
1205 2030 1226 2063 ,
1249 1978 1402 2072 quia
1423 2000 1504 2047 ex
1526 1974 1956 2073 descriptione
1977 1972 2501 2069 capitissecund1‚

477 2155 484 2158 ,
553 2076 866 2147 diameter
902 2087 1007 2144 ma
1056 2076 1120 2144 ni
1161 2070 1341 2142 orbis
1385 2091 1571 2143 terrae
1604 2068 1970 2142 insensibilis
2026 2074 2100 2139 &
2137 2065 2311 2162 quafi
2349 2091 2504 2166 pun·

556 2171 734 2242 &um
772 2167 861 2240 est
885 2219 906 2251 ,
946 2192 1020 2240 re
1045 2168 1232 2266 pe&u
1274 2164 1582 2238 distantiat
1620 2164 1934 2238 stellarum
1959 2161 2272 2247 fixarum3
2320 2180 2506 2257 atquc

410 2304 414 2311 ·
555 2264 712 2336 ideo
732 2258 1098 2333 indifferens
1121 2263 1210 2334 est
1229 2286 1306 2332 an
1330 2262 1655 2332 Zodiacus
1680 2284 1762 2332 cx
1781 2258 1935 2330 Sole
1960 2314 1977 2339 ‚
2008 2281 2089 2326 an
2105 2280 2267 2327 vero
2284 2280 2365 2327 ex
2383 2275 2510 2325 ter-

556 2383 628 2428 ra
656 2376 960 2450 tanquam
980 2360 1207 2426 centro
1253 2351 1651 2426 describatur
1687 2377 1709 2421 τ
1765 2371 1977 2421 mente
2015 2348 2514 2446 concipiendum

553 2450 682 2521 effe
704 2500 725 2531 ,
767 2469 1111 2543 utrumque
1134 2449 1495 2518 Zodiacum
1541 2453 1703 2538 (tam
1727 2448 1839 2540 qui
1886 2446 2056 2514 circa
2080 2443 2300 2517 Solem
2322 2465 2518 2539 quam

557 2544 677 2638 qui
698 2542 869 2609 circa
909 2558 1146 2618 terram
1164 2538 1570 2631 describitur)
1610 2563 1752 2609 eam
1777 2537 2013 2609 habere
2032 2538 2524 2634 amplitudinem

562 2640 736 2708 circa
757 2629 976 2705 Solem
1004 2684 1025 2718 ,
1069 2651 1141 2729 ut
1160 2629 1441 2725 respectu
1487 2635 1605 2703 viae
1627 2655 1756 2727 qua
1791 2632 2032 2702 incedit
2054 2632 2288 2731 globus
2309 2653 2525 2715 term,

560 2730 899 2803 discrimen
937 2723 1184 2797 nullum»
1215 2721 1495 2796 sensibile
1531 2724 1607 2796 fit
1631 2778 1652 2810 ,
1699 2729 2049 2821 quominus
2092 2728 2340 2798 dicatur
2393 2730 2529 2797 eos

507 2830 510 2835 ’
563 2830 732 2899 inter
754 2818 814 2896 se
830 2820 1083 2920 prorsus
1103 2824 1448 2892 convenire
1466 2872 1487 2909 ,
1513 2824 1588 2890 &
1609 2845 1806 2892 unum
1826 2820 2227 2919 eundemque
2245 2817 2368 2892 ess'e
2391 2822 2532 2890 cir-

567 2921 1124 3123 cmgdnsecundum
1145 3010 1300 3082 dico
1323 3063 1346 3097 ‚
1386 3014 1537 3118 quia
1557 3010 1938 3109 impoffibile
1973 3010 2161 3081 nobis
2183 3010 2321 3121 est)
2354 3022 2540 3123 cor,

559 3103 2359 3297 ffieffigffngbffgfnffgfvgffgssgg‘glsuge-1223&
2376 3124 2541 3270 ἓὲἱῗ

469 3320 476 3321 f
561 3319 734 3395 pora
770 3293 1035 3366 caelestia
1069 3292 1404 3388 pendent:
1450 3292 1573 3365 alia
1605 3298 1709 3367 via
1730 3293 2035 3366 utendum
2051 3292 2175 3364 effe
2206 3294 2293 3395 ad
2308 3293 2543 3390 expri-

565 3387 841 3465 mendos
862 3385 1116 3460 nostros
1134 3406 1515 3483 conceptus.
1552 3392 1735 3460 ‘Intra
1755 3389 1917 3460 banc
1940 3388 2268 3483 Spbaeram
2290 3388 2416 3459 Sol
2456 3385 2548 3457 Ἰἰ-

567 3486 726 3559 bere
763 3477 1051 3577 suspendi
1075 3483 1309 3578 ,nequit
1329 3531 1355 3566 ,
1404 3502 1615 3575 neque
1646 3486 1843 3569 etiam
1875 3478 2314 3554 sustentaculo.
2337 3480 2551 3552 alicui

561 3579 862 3675 imponi,
901 3577 1060 3673 quin
1106 3571 1403 3669 impediti
1445 3579 1530 3646 eo
1567 3575 1789 3647 circuli
1830 3574 2084 3671 sphaerae
2108 3581 2255 3649 'non
2280 3573 2553 3673 possent

569 3673 887 3746 converti.
927 3688 934 3745 ζ
952 3672 1044 3742 Et
1080 3672 1387 3766 quoniam
1428 3671 1496 3740 in
1518 3669 1649 3745 viiii
1686 3670 1906 3740 nostro
1922 3673 2167 3744 nullum
2203 3672 2285 3745 ad
2309 3671 2558 3743 Solem

570 3764 906 3877 discrimen
948 3764 1529 3869 animadvertitur,
1574 3763 1767 3864 quod
1811 3762 1941 3841 usui
1993 3769 2216 3842 harim
2258 3764 2559 3863 sphaera-

2396 3881 2565 3931 rum
