2666 4469
1790 78 1836 137 Ι

478 246 547 295 so
805 230 950 293 -DE
1046 233 1993 295 A‘DORNATIONE

469 329 763 406 ἐκλείπειν
781 328 1061 402 deficere
1079 389 1102 415 ,
1147 332 1330 425 quod
1353 335 1417 400 in
1442 356 1546 414 eo,
1566 353 1674 403 aut
1693 336 1891 417 circa,
1926 357 2155 405 omnes
2174 337 2433 406 contin-

570 448 642 498 nt
665 425 835 498 Solis
858 430 1185 520 Lunaeque
1205 423 1491 496 defectus
1535 425 1638 497 seu
1677 426 1961 522 eclipieS.
2032 433 2195 500 Item
2216 439 2318 500 via
2335 436 2435 501 So-

470 452 569 606 ἐῗ
587 522 842 610 ndu&
868 521 1119 598 ἡλιακὰς
1146 568 1166 597 ,
1207 523 1360 615 quia
1383 519 1494 590 Sol
1518 518 2128 618 perpetuosub'ipso
2150 522 2431 605 incedit,

473 642 689 690 annuo
710 617 889 688 cursu
913 636 1125 687 totum
1163 637 1519 710 permeans,
1565 616 1896 686 Interdum
1920 615 2047 687 fine
2068 615 2432 687 discrimine

470 733 743 808 vocatur
760 712 1056 782 Zodiacus
1072 767 1095 793 ,
1139 708 1233 780 ob
1254 705 1563 778 summam
1584 732 1778 805 quam
1803 734 1951 781 cum
1977 708 2115 806 ipio
2138 711 2436 782 Zodiaco

475 805 669 878 habet
708 808 1236 877 convenientiam.
1310 802 1726 874 Conveniunt
1763 809 1934 875 enim
1976 809 2044 875 in
2078 830 2164 877 eo
2183 864 2205 889 ,
2250 803 2435 900 quod

477 899 751 975 eundem
767 898 1046 971 habeant
1065 920 1270 979 axem,
1286 891 1674 992 eosdemque
1698 899 1888 994 polos
1912 923 1932 968 ε
1982 904 2058 970 &
2075 905 2141 970 in
2171 900 2302 972 hoc
2331 894 2436 968 so-

473 994 813 1075 lummodo
834 989 1141 1064 differunt
1162 1050 1183 1075 ‚
1216 991 1400 1087 quod
1419 992 1554 1062 Ecli
1603 996 1731 1063 tica
1752 992 1828 1076 fit
1849 993 2121 1065 circulus
2144 994 2271 1065 fine
2290 992 2437 1078 lati-

475 1089 699 1160 tudine
723 1092 787 1158 in
817 1087 1037 1161 medio
1081 1086 1358 1157 Zodiaci
1378 1141 1396 1168 ,
1432 1088 1535 1156 Zo
1588 1090 1759 1157 iacus
1800 1088 2118 1161 autem'fit
2162 1087 2434 1159 circulus

474 1204 588 1259 aut
606 1185 796 1259 Zona
817 1184 1035 1278 potius
1054 1238 1072 1265 ,
1095 1180 1497 1251 latitudinem
1519 1179 1758 1252 habens
1785 1205 1948 1277 pene
1968 1207 2056 1252 20
2077 1183 2392 1280 graduum
2411 1239 2434 1265 ,

476 1274 713 1374 nempe
755 1276 838 1350 ab
870 1297 1139 1371 utraque
1186 1296 1366 1370 parte
1393 1275 1711 1370 eclipticae
1753 1276 2293 1376 graduumprope
2319 1282 2430 1346 ιὀ.

475 1371 614 1444 Sub
633 1372 721 1444 eo'
740 1373 1006 1467 planetae
1047 1390 1364 1463 perpetuo
1405 1390 1706 1449 exercent
1748 1374 1894 1438 iuos
1929 1391 2147 1440 motus
2171 1428 2189 1453 ,
2236 1374 2435 1441 inter-

477 1467 637 1536 dum
654 1467 737 1537 ad
762 1467 1276 1560 Septentrionem
1296 1519 1315 1542 ,
1354 1460 1670 1531 interdum
1690 1462 1771 1531 ad
1787 1462 2133 1539 Meridiem
2156 1464 2240 1533 ab
2262 1464 2436 1533 Ecli-

477 1563 655 1657 ptica
680 1556 1120 1652 exspatiantes.
1191 1554 1320 1625 Sed
1358 1559 1508 1649 quia
1531 1559 1594 1625 in
1620 1553 1846 1626 Globo
1865 1609 1885 1640 ‚
1931 1556 2264 1628 latitudine
2295 1560 2436 1628 Zo-

476 1652 647 1722 diaci
668 1650 748 1721 ad
769 1675 858 1720 20
880 1649 1114 1747 gradus
1130 1647 1550 1720 determinata
1566 1707 1587 1733 ,
1615 1675 1749 1721 non
1769 1649 2127 1748 indigemus
2150 1710 2171 1737 ,
2218 1650 2349 1723 sola
2366 1655 2434 1723 in

333 1789 336 1793 .
473 1769 559 1819 eo
580 1744 949 1842 depingitur
969 1743 1307 1839 Ecliptica.

493 1887 500 1894 ’
720 1903 724 1907 ·
827 1902 1034 1972 111.
1125 1904 1224 1969 De
1256 1900 1449 1986 fotis,
1490 1899 2059 2003 &Axefictzpeim

484 2034 652 2212 Q
670 2020 1197 2096 Vemadmodum
1232 2021 1370 2118 poli
1407 2021 1631 2091 mundi
1676 2021 1896 2093 medio
1928 2025 2095 2092 inter
2145 2042 2435 2119 aequato-

674 2142 810 2190 rem
830 2117 948 2188 fitu
969 2174 989 2199 ,
1034 2116 1119 2187 ab
1147 2140 1233 2187 eo
1265 2115 1549 2211 undique
1578 2143 1665 2206 90
1684 2116 1988 2212 gradibus
2005 2116 2235 2188 distant
2254 2176 2273 2200 ‚
2315 2143 2435 2188 eo-

475 2238 611 2311 que
633 2217 709 2290 &
728 2213 866 2309 poli
888 2212 1186 2282 dicuntur
1209 2214 1583 2306 AEquatoris
1610 2237 1627 2281 :
1652 2215 1739 2282 ita
1759 2215 1953 2282 etiam
1978 2211 2309 2308 Eclipticae
2329 2211 2436 2283 bi-

477 2311 548 2382 ni
564 2306 706 2378 finnt
744 2305 926 2403 poli,
977 2304 1394 2400 undiquaque
1413 2305 1498 2374 ab
1522 2330 1603 2378 „ea
1627 2313 1740 2401 per
1775 2304 2192 2399 quadrantem
2211 2305 2435 2384 circuli

477 2400 805 2473 distantes.
874 2403 1189 2489 Qorum
1227 2423 1388 2468 unus
1408 2420 1657 2469 tantum
1680 2403 1716 2467 a
1739 2402 1955 2469 Boreo
1973 2400 2195 2470 mundi
2229 2400 2396 2472 Polo
2412 2459 2431 2484 ,

475 2495 637 2567 alter
659 2493 744 2565 ab
766 2494 1067 2565 Austrino
1085 2492 1296 2578 distat3
1319 2512 1555 2589 quanta
1572 2492 1666 2563 est
1685 2495 1962 2563 maxima
1980 2494 2312 2590 Eclipticae
2329 2495 2435 2566 di-

475 2589 706 2661 stantia
739 2588 837 2671 ab.
866 2593 1223 2682 AEquatore
1251 2644 1272 2669 ‚
1307 2585 1647 2681 ‘gradibus
1694 2611 1926 2682 nempe
1947 2613 2077 2683 23,
2124 2587 2435 2685 scrupulis

474 2686 700 2782 primis
758 2708 863 2778 31.
914 2685 1064 2771 Qi
1105 2681 1648 2776 Septentrionem
1670 2676 1924 2776 respicit
1942 2734 1963 2765 ,
2009 2688 2249 2754 Borealis
2265 2685 2437 2756 Ecli-

477 2782 670 2877 pticae
691 2777 880 2873 polus
904 2776 1140 2849 dicitur
1164 2830 1184 2860 ,
1235 2780 1349 2871 qui
1376 2775 1724 2850 Meridiem
1748 2833 1766 2858 ‚
1804 2776 2120 2869 Australis.
2170 2777 2278 2848 Ab
2302 2781 2434 2849 uno

479 2874 805 2943 diciorum
830 2872 1139 2946 Polorum
1159 2868 1243 2939 ad
1261 2872 1530 2942 alterum
1550 2928 1570 2951 ‚
1611 2889 1827 2941 mente
1853 2872 2222 2966 concipitur
2241 2874 2437 2943 transl-

478 2971 574 3038 ire
591 2968 773 3049 Axis,
799 2966 1103 3037 normalis
1126 2965 1208 3035 ad
1228 2964 1488 3060 planum
1511 2964 1842 3060 Eclipticae
1860 3023 1881 3047 ,
1922 2968 2013 3034 uti
2033 2968 2186 3035 Axis
2209 2969 2432 3038 mundi

475 3058 877 3228 manum
917 3062 1291 3155 AEquatoris
1310 3077 1337 3147 3
1379 3059 1749 3155 diciturque
1794 3060 1952 3130 Axis
1973 3057 2432 3154 Eclipticae·aut

530 3189 534 3193 ·
697 3177 784 3224 ci.
1689 3177 1693 3181 ·

900 3326 933 3395 1
974 3322 1060 3394 V.
1154 3327 1256 3395 De
1287 3320 1663 3415 dastribusione
1702 3326 2011 3421 Ech'pticae.

680 3441 930 3513 Votum
969 3442 1356 3538 punctorum
1392 3446 1753 3514 communis
1778 3437 2236 3515 interie&ionis
2258 3443 2433 3515 Ecli-

486 3540 984 3703 ffiumpx‘rissssaff
1013 3536 2434 3704 {term³⁵230¹3¹3¹13md2⁰5320ffi12⁰³¹1¹31

482 3749 718 3796 norum
750 3750 906 3797 vero
949 3688 1284 3820 E’clipticae
1317 3748 1445 3819 pun
1514 3750 1740 3810 orum,
1786 3730 2063 3799 maxime
2083 3727 2165 3799 ab
2185 3684 2430 3820 Aliqua-

483 3839 631 3893 tore
651 3820 1015 3894 distantium
1036 3878 1058 3907 ,
1080 3820 1282 3918 'quod
1299 3820 1798 3896 Borealiffimum
1817 3822 1908 3896 est
1925 3880 1947 3909 ,
1993 3840 2264 3988 vocatar
2280 3819 2429 3929 Sol-

1298 3928 1304 3940 ’
2241 3933 2427 3991 mum
