2666 4469
501 227 1784 305 PRAE.FATIO.

153 356 307 438 lem
331 395 352 450 ;
403 360 483 439 in
530 350 851 436 secunda
872 350 907 444 ,'
940 350 1036 434 de
1065 348 1191 433 usu
1235 379 1605 434 novarum
1651 354 2125 468 Sphaerarum

149 466 501 552 saetarum
541 467 639 550 ad
682 468 1029 549 mentem
1079 467 1718 577 Copernicicum
1739 493 1931 553 terra
1953 497 2121 552 mo·-

148 585 278 664 bili
308 628 334 680 3
384 585 619 696 idque
645 609 812 663 eam
836 586 1207 693 praecipue
1228 581 1331 661 ob
1357 577 1648 663 causam
1678 637 1700 673 ‚
1726 584 1937 693 quod
1955 583 2120 666 sen·-

146 705 401 799 tentia
477 700 897 805 Copernici
945 694 1506 804 comprehensu
1577 693 1954 780 ‚difficilior
2032 698 2120 780 fit

199 838 390 892 uam
415 813 803 892 Ptolemaei
824 866 847 901 ‚
886 832 972 888 ut
994 835 1163 919 quae
1184 814 1554 920 imperitis
1599 818 1981 891 minorem
2006 821 2110 894 vi—

146 841 743 1007 deatur-habere
770 920 1493 1005 verisimilitudinem
1518 978 1540 1013 ‚
1584 933 1657 1002 δι’
1691 921 2112 1005 meditatio-

146 1064 281 1119 nes
310 1028 638 1148 requirat
659 1044 988 1117 acriores
1014 1076 1034 1130 ;
1085 1061 1248 1115 tum
1272 1064 1580 1147 quoque
1600 1034 1809 1146 quod
1832 1033 2112 1118 facilius

144 1179 231 1261 ea
261 1152 729 1261 intelligatur
768 1148 1131 1261 percepta
1173 1149 1649 1230 Ptolemaica.
1693 1150 1956 1259 Atque
2001 1149 2113 1230 id-

146 1293 247 1346 eo
273 1271 511 1344 etiam
534 1260 749 1344 uffim
778 1264 1194 1374 vulgarium
1221 1262 1663 1345 Globorum
1690 1317 1711 1352 ,
1738 1286 2102 1372 tanquam

146 1375 798 1458 introduffionem
818 1376 915 1457 ad
938 1374 1274 1488 Sphaeras
1297 1372 2117 1489 Copernicaeas‚censui

125 1488 788 1602 ‘praemittendum
968 1502 971 1505 ’
1957 1542 1960 1545 -

266 1605 655 1685 Caeterum
676 1626 976 1715 regeret
998 1599 1195 1688 forte
1215 1606 1504 1718 aliquis,
1528 1608 1811 1687 multos
1838 1602 2114 1717 eosque

148 1719 573 1827 praestantes
600 1724 792 1802 viros
811 1717 1131 1799 antehac
1160 1724 1400 1801 varios
1427 1716 1733 1800 edidiffe
1761 1719 1986 1801 libros
2013 1718 2111 1801 de

146 1831 276 1912 usu
339 1829 776 1912 Globorum
826 1832 1240 1941 vulgarium
1284 1887 1307 1924 ,
1359 1830 1718 1945 adeoque
1775 1839 2104 1946 primam

147 1940 352 2025 hanc
377 1946 541 2024 libri
564 1969 863 2056 partem
900 1943 1134 2026 videri
1175 1947 1553 2029 inutilem.
1598 1945 1691 2028 Id
1746 1944 2146 2056 equidem.

147 2081 317 2137 non
362 2056 728 2138 diffiteor:
762 2054 903 2139 ‘sed
957 2056 1594 2141 conscribendam
1622 2085 1883 2159 tamen
1942 2084 2111 2136 eam

148 2167 423 2285 sumpfi
444 2169 547 2251 ob
568 2166 749 2253 duas
777 2178 1126 2253 rationes,
1200 2175 1451 2255 Prima
1480 2186 1555 2255 &
1582 2177 1956 2284 praecipu'a
1975 2171 2108 2264 est,
2205 2238 2210 2242 .

147 2286 361 2395 quod
387 2283 792 2367 ostendere
817 2288 1044 2376 volui,
1070 2289 1307 2366 omne
1324 2286 1535 2398 quod
1555 2292 2011 2398 proponitur
2034 2296 2113 2364 &

146 2397 531 2506 perficitur
558 2427 692 2511 per
712 2397 979 2507 globos
1004 2401 1332 2509 vulgares
1358 2459 1381 2491 ‚
1427 2428 1564 2511 per
1589 2398 1724 2481 has
1746 2400 2115 2510 sphaeram,

149 2508 467 2594 direaas
481 2521 691 2617 juxta
712 2535 1056 2594 mentem
1080 2513 1522 2624 Copernici,
1544 2510 1879 2593 eundem
1901 2509 2111 2593 sorti-

151 2630 208 2704 ri
233 2631 531 2709 exitum
563 2635 754 2736 (qua
812 2639 1065 2737 r'opter
1089 2625 1253 2706 libri
1277 2626 1411 2718 isti,
1426 2635 1755 2707 maxima
1777 2654 1874 2707 ex
1900 2621 2113 2736 parte

145 2739 301 2820 aliis
346 2739 567 2821 rebus
593 2738 691 2821 ad
868 2745 1300 2822 ronomiam
1328 2767 1490 2844 non
1538 2735 2108 2851 pertinentibus

150 2857 547 2960 permixti,
588 2851 972 2963 propofito
1020 2851 1209 2935 meo
1251 2880 1414 2933 non
1457 2877 1615 2934 tam
1656 2853 2110 2935 videbantur
2199 2869 2204 2872 ’

151 2963 601 3067 commodi)
630 2962 961 3074 ideoque
986 2961 1162 3043 duas
1191 2962 1323 3042 has
1350 2992 1589 3076 partes
1620 2965 1897 3048 eisdem
1923 2993 2105 3077 pro-

150 3076 597 3161 blematibus
627 3077 1005 3186 insignivi,
1035 3087 1109 3156 &
1141 3102 1371 3156 unam
1398 3078 2107 3190 alteri'subjungem,

147 3191 240 3272 ad
264 3192 543 3276 eadem
569 3191 927 3302 exempla
951 3189 1552 3273 accommodavi.
1592 3193 1852 3274 Altera
1889 3188 2109 3272 causa

145 3305 280 3399 est,
306 3305 517 3417 quod
541 3305 647 3386 ob
669 3301 989 3396 eandem
1017 3307 1396 3386 rationem
1424 3361 1446 3397 ‚
1482 3307 1722 3415 aliqua
1744 3307 1957 3386 latius
1979 3303 2108 3385 vo·-

145 3419 252 3499 lui
301 3418 738 3530 pertrastare
763 3472 784 3507 ‚
830 3414 1175 3525 quaedam
1220 3423 1456 3500 eti-am
1492 3416 1775 3500 addere
1798 3458 1817 3510 ς
1860 3428 1936 3503 δε,
1959 3417 2116 3504 'soli

149 3530 586 3615 Globorum
624 3529 775 3610 usui
830 3528 1167 3610 infistens
1190 3586 1213 3622 ,
1256 3533 1352 3611 ea'
1387 3558 1548 3644 quae
1597 3538 1903 3644 proprie
1949 3529 2109 3610 huc

150 3658 315 3728 non
353 3642 685 3756 spestant
727 3643 970 3725 sciens
1005 3641 1410 3757 vole-nsque
1436 3651 1829 3755 praeterire’.
1878 3643 2109 3723 Velut

154 3768 355 3840 enim
386 3759 763 3839 literarum
795 3756 1286 3871 &alphabeti
1307 3765 1574 3867 ignaro
1601 3812 1625 3850 ,
1647 3755 1900 3840 frustra
1924 3783 2105 3867 pro·-

151 3881 463 3983 ponitur
502 3868 917 3984 legendum
937 3868 1248 3985 aliquod
1285 3869 1647 3983 scriptum
1679 3911 1699 3965 ς
1749 3877 1853 3949 ita
1875 3873 2110 3945 etiam

1134 4033 1188 4091 *-
1252 4011 1288 4089 3
1763 3986 2109 4088 ineptum
