2666 4469
433 213 647 287 ⁴22'
914 213 1049 284 nn
1149 217 1365 309 vsv
1460 213 2148 287 GLoBonM
2219 227 2278 234 ··

530 344 794 394 norum.
840 321 1153 393 Decimus
1168 343 1330 417 ergo
1352 309 1585 415 gradus
1607 319 1952 413 Sagittarii,
1975 342 2057 390 ex
2078 311 2384 415 oppofito
2407 333 2494 397 12

526 415 840 515 gradihus
862 412 976 486 sub
996 414 1340 486 horizonte
1350 414 1737 499 ‚constitutus
1759 471 1780 496 ‚
1824 412 1915 483 est
1954 414 2138 485 loc'us
2160 416 2328 486 Solis
2348 442 2495 490 cum

528 509 1142 677 fipeozstsslgaegggist
1164 509 1426 579 Heliace
1446 562 1468 594 ‚
1511 507 1716 603 fitque
1759 506 1917 578 illud
1938 530 2053 603 per
2075 510 2496 604 praecedentia

809 747 1196 813 .xxn<.
1293 742 2124 843 PRossLssMa.

705 866 802 937 De
821 855 1156 934 Azim'utho
1172 866 1314 931 Solis
1337 861 1727 953 &stellarum
1752 862 1825 932 &
1844 856 1932 931 κε’
1940 867 2321 935 inveniantur.

718 972 1235 1043 Vemadmodum
1277 975 1342 1040 in
1361 971 1567 1067 globo
1607 971 1882 1047 terrestri
1903 972 2232 1043 meridiani
2255 997 2334 1044 ex
2363 965 2493 1045 uno

726 1068 892 1138 Polo
911 1066 1229 1137 ducuntur
1250 1066 1331 1135 ad
1356 1067 1548 1136 alium
1576 1091 1689 1162 per
1704 1067 1939 1162 gradus
1961 1071 2333 1162 AEquatoris
2354 1100 2377 1151 3
2404 1072 2490 1138 ita

529 1169 722 1235 circuli
741 1166 1026 1233 verticales
1050 1215 1070 1246 ‚
1095 1160 1419 1230 Arabibus
1445 1168 1743 1234 Azimuth
1766 1161 1948 1246 dieti,
1973 1160 2291 1232 ducuntur
2310 1168 2345 1231 a
2368 1162 2493 1232 Ze-

534 1258 676 1328 nith
696 1262 761 1327 in
782 1256 996 1326 Nadir
1018 1279 1130 1349 per
1153 1255 1387 1351 gradus
1413 1254 1797 1325 horizontis.
1835 1257 1963 1325 Eos
1985 1254 2251 1326 exhibet
2267 1260 2329 1325 in
2348 1257 2492 1352 glo-

534 1354 637 1425 bis
663 1353 977 1448 quadrans
999 1349 1347 1419 altitudinis
1376 1401 1396 1430 ‚
1445 1368 1515 1417 ut
1541 1351 1653 1442 qui
1678 1372 1797 1418 una
1831 1349 1920 1418 sui
1943 1353 2346 1421 extremitate
2365 1353 2491 1421 Ze-

452 1460 459 1463 ’
534 1451 672 1518 nith
697 1446 913 1516 affixus
940 1496 961 1531 ‚
999 1444 1194 1515 altera
1227 1440 1529 1513 omnibus
1552 1442 1916 1512 horizontis
1957 1443 2246 1535 partibus
2284 1443 2492 1538 potest

536 1540 866 1638 applicari.
1051 1552 1054 1557 '

624 1632 934 1703 Azimuth
957 1630 1126 1701 Solis
1164 1646 1273 1697 aut
1295 1625 1482 1696 stenae
1504 1680 1524 1713 ,
1573 1626 1665 1698 est
1698 1649 1880 1698 arcus
1905 1626 2267 1700 horizontis
2308 1654 2497 1702 com·

582 1722 869 1798 reheusus
904 1727 1069 1792 inter
1092 1719 1511 1792 meridianum
1535 1774 1555 1806 ,
1606 1726 1681 1791 &
1702 1745 1853 1791 eum
1873 1722 2181 1794 circulum
2215 1730 2493 1796 vertica-

531 1749 661 1892 fem
674 1871 702 1906 ,
724 1820 853 1914 ‚qui
872 1839 949 1890 ex
971 1815 1203 1894 Zenith
1227 1839 1343 1910 per
1364 1836 1656 1886 centrum
1678 1816 1847 1887 Solis
1870 1836 1977 1887 aut
1997 1816 2185 1889 stellae
2204 1819 2499 1891 extendi-

531 1922 638 1989 ‘tur
657 1912 853 2008 usque
890 1916 953 1982 in
976 1911 1418 1981 horizontem..
1479 1912 1714 2005 Estque
1737 1909 1972 2005 duplex
1995 1964 2017 1996 ‚
2060 1913 2371 1984 orientale
2392 1936 2497 1986 at-

533 2031 664 2108 que
680 2005 1104 2080 occidentale.
1135 2004 1441 2075 Azimuth
1460 2004 1770 2079 orientale
1790 2005 1971 2100 quod
1992 2007 2027 2073 a
2051 2006 2401 2084 meridiano
2421 2013 2491 2079 in

535 2105 747 2178 austro
788 2120 1151 2173 numeratur
1171 2099 1378 2173 versus
1401 2102 1715 2171 orientem
1738 2098 1931 2194 usque
1968 2101 2051 2171 ad
2075 2101 2494 2174 meridianum

533 2206 600 2274 in
626 2200 826 2271 borea
843 2252 861 2281 ‚
890 2219 1000 2292 per
1028 2196 1154 2266 180
1193 2195 1468 2290 gradus:
1513 2191 1916 2266 occidentale
1987 2195 2121 2266 uod
2140 2200 2175 2265 a
2195 2197 2495 2267 meridia-

534 2320 626 2366 no
660 2298 726 2361 in
747 2290 957 2361 austro
998 2310 1361 2358 numeratur
1380 2290 1785 2359 occidentem
1820 2313 1928 2358 ver
1956 2313 2026 2358 us
2046 2347 2065 2372 ‚
2113 2290 2322 2359 donec
2345 2315 2496 2386 per-

536 2390 824 2463 veniatur
866 2382 950 2453 'ad
994 2382 1416 2451 meridianum
1462 2386 1529 2450 in
1570 2382 2018 2474 Septentrione
2036 2438 2057 2465 ,
2110 2387 2185 2451 δε
2216 2382 2492 2456 absoluti

532 2483 653 2554 fint
670 2477 897 2549 fimiles
923 2474 1048 2544 180
1069 2477 1327 2569 gradus.
1937 2540 1942 2543 .

622 2575 714 2643 Vt
737 2593 852 2668 per
872 2568 1141 2665 globum
1182 2569 1534 2637 inveniatur
1551 2567 1857 2639 Azimuth
1880 2566 2048 2640 Solis
2092 2590 2202 2641 aut
2222 2570 2494 2671 alicujus

534 2667 723 2756 stellae
742 2722 761 2751 ‚
800 2664 955 2734 scire
976 2665 1149 2758 prius
1169 2678 1436 2757 oportet
1453 2680 1562 2729 aut
1582 2661 1806 2731 horam
1830 2663 1956 2732 diei
1975 2721 1994 2746 ,
2019 2685 2127 2735 aut
2150 2666 2319 2736 Solis
2343 2666 2495 2738 stel-

533 2763 686 2838 laeve
707 2758 1105 2831 altitudinem
1126 2754 1303 2853 supra
1325 2755 1757 2825 horizontem.
1836 2761 1968 2827 Pro
1987 2760 2339 2830 Azimutho
2362 2764 2495 2832 So·-

532 2859 612 2931 lis
632 2856 712 2928 ad
736 2859 957 2927 horam
981 2853 1192 2923 datam
1214 2909 1234 2934 ‚
1268 2872 1336 2921 ut
1361 2847 1812 2927 Amstelodami
1832 2851 1938 2923 die
1961 2862 2054 2922 26
2074 2856 2238 2949 Maji
2259 2852 2340 2924 ad
2364 2855 2495 2925 ho-

539 2972 673 3022 ram
719 2947 1278 3020 antemeridianam
1301 2947 1337 3014 8
1362 2978 1382 3030 3
1422 2944 1630 3040 globo
1650 2945 1731 3014 ad
1751 2944 2334 3043 elevationem'Poli
2350 2951 2494 3020 e‘us

466 3114 471 3123 ,
534 3047 666 3116 loci
688 3041 1038 3113 constituto
1063 3094 1084 3125 ‚
1131 3043 1405 3133 adjunge
1429 3041 1658 3108 locum
1686 3040 1855 3110 Solis
1901 3045 2054 3136 (qui
2075 3042 2163 3111 est
2192 3067 2228 3134 5
2251 2975 2490 3136 gradus

533 3138 992 3225 Geminorum)
1015 3136 1395 3217 meridiano,
1422 3135 1826 3228 iudicemque
1849 3135 2022 3204 horae
2043 3135 2446 3206 duodecimae
2466 3161 2488 3206 ε

535 3255 611 3302 ac
659 3253 795 3299 tum
844 3246 1148 3297 converte
1204 3228 1476 3321 globum
1523 3232 1587 3297 in
1634 3234 1949 3298 orientem
1972 3286 1990 3310 ,
2039 3229 2249 3299 donec
2294 3231 2492 3302 index

536 3324 826 3397 ostendat
867 3323 1091 3392 horam
1116 3321 1153 3389 8
1181 3373 1203 3405 ‚
1252 3321 1278 3412 (
1304 3342 1412 3392 aut
1453 3346 1566 3417 per
1606 3346 1694 3392 22
1737 3321 2070 3413 problema
2091 3382 2110 3406 ,
2155 3323 2368 3397 donec
2393 3331 2489 3395 60

532 3419 908 3514 AEquatoris
927 3414 1159 3511 gradus
1201 3411 1515 3487 transeant
1551 3416 2016 3510 meridianum)
2060 3442 2339 3515 eumque
2371 3418 2494 3488 fir-

506 3508 509 3513 *
537 3538 667 3597 ma,
696 3517 769 3581 δε
791 3509 1099 3581 circulum
1122 3513 1489 3581 verticalem
1515 3510 1739 3580 traduc
1761 3534 1875 3604 per
1901 3534 1935 3603 5
1963 3513 2234 3608 gradum
2257 3517 2492 3586 Gemi-

537 3631 770 3679 norum
794 3659 815 3690 ,
836 3627 913 3673 ac
934 3624 1090 3673 nota
1110 3602 1327 3672 locum
1354 3605 1464 3675 ubi
1485 3605 1710 3675 incidit
1727 3607 1790 3674 in
1813 3606 2221 3679 horizontem
2241 3666 2260 3691 ‚
2286 3607 2495 3679 habe-

534 3699 758 3794 bistlue
778 3695 1108 3796 quaefitum
1130 3700 1435 3772 Azimuth
1455 3700 1767 3799 graduum
1788 3722 1903 3793 79,
1928 3699 2135 3800 scrup.
2162 3709 2265 3799 36,
2290 3703 2326 3769 a
2346 3724 2500 3770 me-

533 3796 696 3870 ridie
716 3793 924 3872 versus
942 3795 1278 3872 orientem.
1337 3844 1342 3849 ,
1438 3844 1451 3857 0

554 3934 561 3941 ›
2231 3887 2501 3964 Eodem
