2666 4469
493 234 620 304 sc·
901 229 1036 315 ne
1135 222 2065 292 AnossNAT'loNn

865 452 869 461 .
1086 392 1120 460 Ι
1163 394 1218 461 1.
1311 394 1414 458 De
1434 391 1584 459 Axe
1604 387 1676 460 &
1699 390 1874 458 Polis.
2365 438 2371 445 .
2447 464 2452 467 ,

503 519 623 675 P
638 509 727 578 Er
745 507 1029 579 medium
1049 509 1348 606 cujusque
1366 507 1573 580 Globi
1590 508 1815 579 ductus
1836 504 1931 578 est*
1948 510 2115 577 Axis
2138 561 2160 592 ,
2182 505 2264 577 ad
2283 504 2459 576 fimi-
2553 586 2562 593 ‚

637 588 973 674 litudinem
993 610 1161 674 Axu
1194 627 1392 698 quem
1409 606 1476 672 in
1496 603 1743 677 mundo
1764 600 2187 696 imaginamur
2206 659 2224 683 ,
2255 601 2463 694 'cujus

495 718 779 768 extrema
806 750 826 782 ‚
873 694 1272 792 superficiem
1296 696 1501 769 Globi
1539 700 1604 767 in
1626 695 1883 768 duobus
1926 697 2175 790 punctis
2198 693 2464 789 opposi-

495 796 581 862 tis
623 790 1013 886 egredientia
1035 845 1057 876 ,
1101 794 1125 885 (
1201 817 1428 863 uorum
1465 815 1659 862 unum
1692 793 2207 885 Septentrionem
2250 787 2465 858 osten-

494 885 595 962 dit
621 937 643 971 ‚
666 885 950 963 alterum
973 815 1371 981 Meriffiem)
1416 889 1720 957 dicuntur
1751 889 1870 954 Poli
1893 917 1913 953 .·
1953 880 2466 995 Septentrionale

494 976 761 1074 quidem
781 984 956 1053 Polus
981 984 1259 1052 Arsticus
1281 979 1387 1053 seu
1408 989 1614 1053 Boreus
1638 1033 1661 1068 ,
1708 976 2141 1050 Meridionale
2158 980 2466 1067 Antarbli·

494 1100 595 1144 cus
619 1072 724 1145 feu
743 1073 1084 1167 Austrinas.

1016 1247 1050 1315 I
1095 1248 1129 1314 I
1163 1247 1219 1314 1.
1321 1250 1415 1315 De
1434 1242 1770 1320 Meridiano
1787 1270 1942 1313 aereo.

613 1372 718 1447 Vs
745 1374 999 1447 enditur
1028 1395 1240 1444 autem
1280 1375 1553 1469 quilibet
1574 1375 1825 1446 Globus
1867 1378 1932 1443 in
1955 1371 2202 1442 circulo
2244 1361 2414 1443 aereo
2439 1431 2460 1451 .
2541 1400 2544 1403 ¹

502 1385 590 1542 S
609 1472 648 1544 ὲ
688 1400 946 1546 ἕαοὲυε
989 1467 1118 1538 istis
1142 1468 1319 1545 Polis
1339 1493 1420 1540 ex
1453 1468 1768 1541 diametro
1790 1467 1907 1538 fibi
1945 1486 2175 1536 mutuo
2198 1463 2468 1563 oppofi-

499 1566 584 1634 tis
610 1616 639 1649 2
682 1563 880 1658 idque
901 1563 985 1632 ab
1010 1586 1142 1632 uno
1161 1561 1471 1633 duntaxat
1495 1561 1716 1632 circuli
1736 1563 1931 1632 latere
1955 1614 1977 1646 ‚
2028 1584 2163 1656 quo
2192 1565 2265 1630 δε
2285 1584 2467 1632 com-

500 1657 699 1728 mode
716 1660 878 1729 verti
898 1676 1092 1751 queat
1116 1709 1138 1740 ,
1189 1651 1429 1750 absque
1453 1655 1718 1729 senfibili
1738 1654 1947 1729 versus
1970 1652 2136 1725 hanc
2157 1676 2267 1726 aut
2288 1655 2466 1726 illam

500 1751 729 1821 circuli
752 1770 1001 1846 partem
1020 1755 1649 1847 appropinquatione
1673 1805 1693 1837 ‚
1741 1756 1814 1820 &
1836 1751 1999 1823 latus
2016 1750 2173 1819 illud
2195 1802 2215 1834 ‚
2239 1752 2277 1820 ὲ
2295 1748 2470 1823 dire-

496 1843 611 1921 ἂο
633 1846 765 1917 Axi
783 1842 1081 1939 Polisque
1102 1843 1492 1940 respondens
1512 1900 1533 1931 ‚
1557 1845 1847 1918 Globum
1870 1849 1935 1913 in
1953 1843 2107 1913 duas
2130 1841 2297 1914 secet
2318 1868 2469 1940 par-

499 1958 601 2010 tes
618 1937 912 2034 aequales.
937 1941 1201 2017 Dicitur
1220 1960 1436 2012 autem
1459 1941 1734 2014 circulus
1756 1939 1866 2009 iste
1891 1938 2469 2033 Meridzanus‚quafi

504 2033 897 2111 Medidianus
916 2085 938 2119 ‚
973 2056 1059 2113 eo
1080 2034 1265 2129 quod
1280 2034 1422 2120 Sol,
1441 2037 1552 2107 ubi
1570 2034 1653 2105 ad
1671 2059 1821 2105 eum
1840 2032 1901 2103 stt
1918 2033 2299 2127 applicuerit
2322 2087 2343 2118 ,
2368 2031 2472 2103 fa-

466 2176 469 2183 ¹,
496 2129 595 2211 ‘cit
615 2129 839 2205 exacte
879 2129 1166 2206 medium
1202 2127 1418 2199 diem:
1468 2129 1989 2224 dividiturque-in
2009 2147 2286 2221 quatuor
2307 2150 2470 2222 qua-

499 2221 761 2297 drantes
781 2275 803 2307 ‚
850 2223 1213 2319 horumque
1234 2221 1460 2320 finguli
1481 2224 1685 2297 rurffis
1708 2228 1771 2294 in
1793 2250 1881 2310 90
1920 2221 2155 2317 gradus
2181 2275 2201 2307 ‚
2246 2225 2360 2318 qui
2384 2220 2469 2293 ab

501 2339 629 2393 una
672 2335 853 2416 parte
875 2320 1033 2391 Axis
1069 2340 1483 2389 numerantur
1516 2319 1599 2389 ab
1620 2325 1973 2413 AEquatore
2009 2312 2220 2385 versus
2265 2316 2469 2386 Polos

501 2432 618 2505 per
645 2435 677 2477 1
700 2461 722 2494 ,
751 2436 835 2485 10
853 2463 874 2494 ,
899 2435 988 2483 20
1007 2464 1028 2495 ,
1061 2436 1142 2506 30
1161 2464 1188 2496 ‚‚
1213 2415 1351 2480 δίε.
1394 2409 1673 2507 usquein
1696 2438 1783 2501 90
1807 2409 1888 2479 ad
1910 2406 2077 2503 ipsos
2105 2411 2302 2480 Polos
2326 2442 2347 2494 3
2385 2435 2470 2482 ex

500 2502 701 2582 altera
718 2524 897 2601 parte
918 2558 953 2589 ,.
968 2510 1004 2575 a
1030 2505 1206 2576 Polis
1230 2545 1261 2588 ‚=
1276 2504 1398 2577 hac
1419 2510 1669 2578 ratione
1688 2560 1709 2591 ,
1737 2526 1807 2576 ut
1832 2524 2223 2573 concurrant
2246 2528 2471 2574 nurne-

486 2598 559 2665 *ri
581 2621 672 2684 90.
688 2650 710 2683 ,
734 2599 955 2680 medio
975 2599 1132 2674 loco
1151 2601 1316 2677 inter
1340 2599 1541 2676 Polos
1567 2656 1590 2691 ,
1630 2605 1697 2671 in
1721 2596 1966 2672 circulo
1987 2622 2218 2704 nempe
2235 2601 2470 2693 AEqui-

504 2691 790 2764 noctiali.

1277 2853 1344 2913 N
1407 2854 1476 2914 O·
1529 2853 1586 2911 T
1653 2849 1725 2911 A.

551 2946 870 3073 &giasepius
882 2945 1069 3020 posthae
1081 2947 1272 3007 vocibus
1282 2990 1298 3012 ‚
1316 2950 1381 3007 ad
1401 2965 1492 3008 aut
1512 2949 1602 3008 sub
1619 2946 1941 3010 meridiano,
1956 2966 2156 3007 amnuo·-
2168 2986 2184 3008 .
2195 2957 2278 3030 per
2295 2961 2375 3001 Ψ
2392 2944 2469 3001 ¹⁹²⁸-

498 3032 551 3077 π
607 3020 742 3075 ἕκτη
755 3019 985 3076 vehemus
1000 3019 1135 3078 lma
1148 3021 1249 3092 ejus
1263 3021 1488 3080 orientale
1505 3061 1521 3084 .
1552 3022 1605 3077 in
1621 3021 1960 3095 quoupenitur
1977 3018 2238 3092 dssn‘buno
2253 3029 2334 3090 per
2348 3033 2464 3088 gra-

501 3088 616 3156 dus.
634 3088 852 3163 quodque
863 3091 1083 3148 convenit
1098 3109 1213 3147 cum.
1228 3094 1485 3150 medietate
1499 3093 1627 3149 Axia
1647 3114 1664 3145 .-
1680 3089 1808 3164 φασδ
1825 3091 1899 3148 hic
1913 3110 2098 3148 monera
2113 3089 2249 3148 volui
2267 3129 2284 3152 .
2311 3106 2369 3144 ne
2386 3105 2466 3144 re-

495 3160 854 3239 petitasubinde
872 3160 1170 3236 explicatione
1186 3165 1368 3219 Leei‘ori
1387 3161 1581 3237 aliqqu
1587 3173 1810 3237 parerem
1825 3160 2041 3220 adium.
2510 3199 2514 3204 -

1041 3310 1076 3378 I
1121 3307 1207 3377 V.
1299 3310 1587 3410 Deligneo
1606 3314 1938 3381 Herium.

490 3439 661 3593 C
688 3431 1028 3511 Loborum
1069 3430 1337 3529 quisque
1357 3488 1377 3520 ‚
1428 3459 1547 3512 una
1571 3457 1720 3504 cum
1743 3459 1914 3506 aereo
1934 3432 2304 3512 Meridiano
2327 3484 2348 3519 ,
2397 3433 2466 3502 in

685 3525 904 3624 ligneo
926 3526 1287 3603 collocatur
1308 3528 1702 3625 pedamento
1720 3582 1740 3614 ‚
1783 3527 2156 3608 sustentante
2238 3546 2466 3601 uatuor

506 3621 863 3692 columellis
902 3623 1210 3694 circulum
1250 3622 1862 3719 ligneum-latiorem
1888 3677 1908 3711 ‚
1960 3626 2138 3720 cujus
2207 3644 2468 3718 upretna

504 3711 868 3810 superficies
913 3714 1337 3789 diverfimode
1378 3716 1469 3786 est
1511 3716 1865 3789 distributa.
1935 3722 2018 3790 Et
2062 3721 2274 3816 primo
2317 3716 2468 3809 qui-

506 3809 656 3887 dem
676 3863 698 3903 ‚
717 3811 931 3891 limbo
944 3815 1236 3886 interiori
1252 3817 1318 3884 in
1339 3832 1619 3916 quatuor
1636 3813 2017 3915 quadrantes
2044 3867 2065 3904 ‚
2103 3814 2290 3908 juxta
2309 3831 2472 3904 qua·

2317 3923 2468 3978 tuor
