2666 4469
395 169 615 264 Pan
701 196 1195 260 TERRAM
1280 196 2222 280 1MMon1LaM.,⁷7

339 365 507 439 Idem
522 369 678 438 aliter
697 373 943 438 invenire
954 389 1049 463 per
1068 365 1383 460 asc'etfiones
1399 363 1472 433 &
1490 362 1842 458 descensiones
1866 360 2134 459 obliquas.

346 475 797 553 Ascenfionem
820 473 1154 571 obliquam
1172 476 1488 549 Aldebarae
1508 535 1526 558 ,
1551 500 1694 572 quae
1718 496 1831 578 per
1858 501 1938 560 19
1964 474 2230 570 proble-

252 596 357 643 ma
380 571 675 668 est-grad.
707 595 826 664 42,
852 570 1058 665 scrup.
1096 573 1181 663 36
1209 622 1230 655 ,
1256 567 1545 643 subtrahe
1567 571 1648 640 ab
1669 568 2027 639 alcenfione
2048 570 2232 639 oblia

247 689 379 761 qua
415 673 593 764 Spicae
621 669 866 767 Virginis
917 662 1096 827 ἔνθά.
1127 663 1258 733 208
1284 718 1305 749 ,
1344 664 1552 760 strup.
1598 688 1754 758 44,
1784 669 1858 732 &
1902 683 2231 733 remanent

248 758 486 855 gradus
518 756 884 854 166,scrup.
966 808 983 827 .
1032 761 1173 827 Hos
1196 757 1412 831 divide
1437 781 1549 856 per
1575 786 1602 827 1
1621 785 1685 851 5,
1714 763 1787 827 &
1811 757 2079 829 habebis
2101 756 2227 826 ho-

250 878 351 924 ras
385 880 415 924 1
431 879 463 921 1
503 905 523 937 ,
546 848 756 946 scrup.
778 875 825 945 4
849 903 870 936 ,
909 875 1031 948 pro
1054 872 1349 946 tempore
1367 859 1532 950 inter
1553 876 1770 925 ortum
1794 859 1974 950 Spicae
2000 857 2075 921 &
2095 856 2225 956 A!-

250 946 498 1019 debarae.

348 1040 439 1108 Vt
478 1037 771 1124 obtineas
813 1058 1065 1131 tempus
1108 1042 1273 1109 inter
1304 1062 1522 1108 earum
1566 1037 1828 1108 occasus
1855 1093 1875 1126 ,
1921 1039 2227 1113 subtrahe

255 1128 729 1201 descensionem
751 1130 1084 1225 obliquam
1100 1130 1413 1202 Aldebarae
1434 1189 1452 1213 ,
1485 1154 1625 1225 quae
1644 1130 1731 1198 est
1755 1132 1789 1197 8
1785 1154 1838 1290 ἆ
1865 1156 1962 1226 gr.
1998 1160 2026 1201 1
2040 1140 2080 1199 6
2106 1132 2223 1205 scr.

258 1231 294 1295 a
316 1221 737 1295 descenfione
763 1224 1035 1318 obliqua
1066 1230 1244 1322 Spicae
1265 1230 1511 1323 Virginis
1529 1278 1548 1310 ,
1582 1246 1728 1316 quae
1745 1245 1781 1290 e
1856 1225 2034 1317 grad.
2073 1230 2227 1318 184,

255 1316 373 1389 scr.
399 1318 486 1391 28
518 1374 538 1407 ,
569 1323 644 1391 δε
661 1318 1009 1390 manebunt
1079 1319 1264 1388 radus
1283 1342 1370 1405 99
1398 1371 1418 1404 ,
1442 1315 1556 1388 scr.
1596 1342 1681 1386 12
1708 1371 1728 1398 ,
1753 1318 1864 1410 qui
1888 1339 2002 1410 per
2022 1342 2103 1411 15
2126 1318 2229 1388 di-

258 1412 367 1488 vifi
397 1468 416 1500 ,
443 1412 690 1484 faciunt
713 1413 907 1482 horas
931 1419 974 1481 6
998 1466 1018 1500 ,
1066 1411 1158 1483 'cr.
1195 1439 1226 1508 3
1237 1439 1277 1494 7
1293 1410 1429 1483 fere
1444 1467 1463 1501 ,
1487 1434 1682 1507 atque
1705 1414 1772 1481 in
1795 1430 2041 1482 tantum
2059 1417 2230 1509 Spica

258 1513 503 1608 Verginis
527 1506 776 1580 occidit
797 1504 943 1604 post
964 1506 1330 1579 Aldebaran.

830 1725 835 1730 .
972 1671 1447 1733 NOTA.

242 1895 247 1898 .
345 1805 415 1879 Si
483 1810 822 1904 contingat
869 1802 1241 1876 ascensionis
1283 1827 1394 1876 aut
1446 1801 1869 1880 descensionis
1941 1803 2231 1900 obliquae

259 1901 498 1994 prioris
541 1900 731 1972 stellae
754 1897 990 1996 gradus
1012 1899 1223 1992 plures
1246 1898 1370 1969 efle
1391 1956 1411 1981 ,
1447 1911 1642 1994 quam
1683 1897 1973 1986 secundae
1998 1920 2107 1967 aut
2129 1896 2225 1969 le·-

261 1991 520 2086 quentis
543 1991 730 2062 stellae
769 1995 795 2084 (
823 1990 1002 2085 quod
1027 1987 1272 2085 semper
1309 1991 1387 2060 fit
1410 2016 1559 2061 cum
1605 1990 1800 2062 sefflo
1839 2014 2030 2061 verna
2067 1995 2230 2060 inter

238 2083 604 2178 'utramque
644 2083 879 2154 stellam
903 2084 1116 2152 media
1132 2084 1272 2178 est)
1312 2083 1477 2154 adde
1523 2084 2070 2177 complementum
2094 2105 2232 2151 ma-

258 2180 426 2276 joris
463 2182 712 2250 numeri
750 2176 832 2248 ad
859 2183 1039 2272 360,
1083 2200 1351 2248 numero
1369 2181 1627 2250 minori.
1700 2180 1833 2247 Aut
1871 2177 2081 2272 adjice
2104 2184 2232 2271 360

317 2272 503 2354 'tadu's
534 2325 555 2359 ,
602 2267 708 2344 stu
744 2276 1068 2368 integrum
1099 2272 1412 2345 circulum
1429 2272 1507 2342 ad
1533 2296 1860 2343 numerum
1885 2276 2230 2359 minorem,

265 2298 446 2438 {tex
483 2364 721 2439 firmma
744 2365 1039 2439 subtrahe
1058 2369 1411 2462 majorem:
1464 2366 1643 2462 quod
1687 2387 2009 2453 remanet,
2062 2365 2230 2436 divi-

267 2463 440 2533 sione
462 2472 575 2556 per
601 2488 630 2532 1
644 2485 684 2556 5
707 2521 726 2547 ‚
735 2465 924 2559 juxta
948 2460 1284 2557 problema
1322 2486 1442 2548 22,
1465 2460 1662 2532 reduc
1683 2462 1765 2532 ad
1785 2463 1996 2546 horas,
2024 2464 2095 2531 δε
2118 2461 2231 2531 ha-
2310 2463 2313 2466 ’

269 2556 452 2629 bebis
474 2568 726 2652 tempus
751 2557 1101 2654 quaefitum.
1637 2568 1642 2571 ’
2193 2554 2199 2561 ’

1064 2715 1434 2808 Exemplum.

359 2830 430 2900 Si
476 2831 694 2925 cupias
720 2829 894 2900 nosle
935 2850 1187 2925 tempus
1214 2836 1381 2902 inter
1409 2849 1627 2901 ortum
1647 2828 1831 2899 clarae
1847 2826 2033 2898 stellae
2055 2831 2121 2897 in
2138 2831 2232 2901 A-

271 2923 445 3019 quila
464 2944 657 3019 ,quae
679 2928 884 2996 Vultur
905 2923 1142 2993 dicitur
1164 2977 1185 3010 ,
1216 2929 1292 2993 &
1313 2925 1674 2994 Aldebaran.
1740 2921 2039 3005 Ascenfio
2059 2920 2232 2994 obli-

273 3040 398 3112 qua
422 3022 678 3089 Vulturis
702 3016 798 3088 'est
820 3040 936 3111 per
964 3044 993 3090 ι
1005 3042 1048 3104 9
1072 3018 1435 3113 problema,
1463 3015 1643 3111 grad.
1673 3016 1808 3088 282
1832 3070 1852 3101 ,
1884 3015 2082 3112 scrup.
2113 3041 2226 3111 52,

273 3111 586 3186 Aldebaerae
622 3133 714 3207 42
749 3111 931 3209 grad.
977 3110 1183 3208 scrup.
1225 3118 1332 3207 36.
1424 3115 1666 3183 Prioris
1708 3110 1892 3182 stellae
1934 3135 2231 3191 numerus
2305 3201 2311 3207 ·

278 3204 487 3296 major
522 3205 614 3278 est
639 3257 662 3292 ,
706 3210 860 3302 quia
897 3207 1072 3296 inter·
1098 3226 1432 3302 utramque
1459 3207 1545 3276 est
1566 3210 1951 3304 principium
1968 3206 2228 3278 Arietisss

279 3303 557 3486 Piiqssffg}
575 3299 2233 3489 223⁶¹sss¹522255¹3¹532³¹3232‘350¹³3<2²¹²ssffieffiz

281 3508 367 3584 pe
407 3485 636 3580 gradus
669 3419 799 3576 77¹}
838 3487 1045 3585 scrup.
1075 3489 1164 3584 8)
1206 3514 1243 3560 a
1328 3514 1423 3583 42
1446 3420 1627 3587 grad}
1676 3421 1919 3586 36gscru
1974 3541 1989 3555 .
2019 3495 2234 3560 mino-

279 3602 461 3664 rem,
510 3584 584 3649 &
605 3580 944 3658 estsumma
970 3609 1099 3671 119
1121 3585 1303 3680 grad.
1348 3607 1442 3680 44
1463 3585 1669 3681 scrup.
1711 3590 1874 3656 Aut
1952 3583 2077 3655 dde
2107 3592 2235 3678 360

277 3673 521 3773 gradus
549 3725 572 3761 ,
617 3673 716 3745 seu
749 3697 965 3751 totum
1014 3680 1323 3751 circulum
1346 3731 1369 3766 ,
1414 3678 1496 3750 ad
1542 3684 1861 3751 minorem
1890 3675 2072 3772 grad.
2142 3701 2236 3760 2,

250 3774 255 3777 ’
281 3771 491 3883 icrup.
507 3773 621 3867 36,
651 3772 724 3840 δε
746 3775 1063 3877 prodeunt
1082 3773 1318 3872 gradus
1342 3772 1715 3870 402,scrup.
1733 3780 1845 3869 36,
1867 3773 1951 3842 ab
1972 3766 2237 3933 hist'rgtlg
