2666 4469
22 1387 27 1408 v<
22 1305 27 1332 —
22 1241 29 1274 .-
22 688 36 1199 νῆν-ἡρη--γ--ή

443 151 579 217 ET
641 155 1931 221 ntst-R13.GL0130RVM.
2119 163 2184 233 ’4.

1163 287 1308 334 eum
1325 265 1707 337 descendere
1724 321 1743 352 ‚
1770 266 1872 338 sed
1897 258 2189 365 parallel&
2234 287 2244 296 ·

1163 381 1310 428 curn
1330 383 1416 430 eo
1433 357 1695 458 {emper
1713 368 2028 434 converti.
2078 370 2108 433 Ι
2131 369 2182 434 Ι.

1161 454 1330 524 ΡοῙο
1382 455 1588 524 boreo
1613 455 1863 526 elevato
1893 510 1914 542 ,
1967 454 2188 527 Solem

1159 545 1527 642 quantisper
1629 549 1800 644 figna
1912 552 2188 622 Zodiaci

1159 639 1442 731 borealia
1460 665 1740 736 permeat
1762 697 1780 729 ,
1807 646 1870 736 (ὲ
1888 670 1979 714 20
2000 649 2188 713 Mar-

1157 737 1284 820 tii,
1330 739 1396 803 in
1437 760 1526 806 22
1569 739 2010 835 Septembris)
2060 741 2188 808 cir-⁶·

1159 834 1480 899 cumcirca
1545 829 1721 928 supra
1780 832 2189 903 horizontem

1164 922 1583 994 obambulare
1668 951 1798 996 non
1881 926 2188 1010 occiden-

1158 1035 1289 1085 tem
1315 1068 1336 1101 ,
1378 1037 1572 1109 atque
1615 1022 1702 1090 ita
1752 1019 1927 1090 diem
1963 1025 2187 1090 conti-

1155 1107 1350 1178 nuum
1387 1112 1635 1181 efficere
1680 1108 1783 1180 sex
1830 1114 2177 1183 menfium:

1165 1207 1239 1271 &
1287 1223 1515 1272 contra
1552 1205 1581 1295 (
1600 1211 1636 1273 ὲ
1680 1228 1767 1273 22
1789 1205 2185 1298 Septembris

221 1295 396 1378 {1120
417 1305 696 1395 Martii)
729 1300 883 1374 dut'n
929 1298 1201 1369 conficit
1239 1294 1412 1390 figna
1445 1296 1727 1366 australia
1752 1349 1771 1382 2
1820 1298 1979 1366 infra
2003 1299 2184 1369 hori·
2291 1335 2295 1338 ·

220 1421 487 1476 zontem
507 1397 740 1468 affidue
764 1397 1210 1467 circumrotari
1233 1415 1368 1459 non
1384 1394 1705 1473 orientem
1734 1425 1755 1478 3
1799 1393 2189 1488 notitemque

221 1498 595 1564 continuam
615 1488 717 1560 lex
739 1495 896 1562 item
922 1511 1141 1582 parere
1160 1484 1488 1558 mensmm.
1558 1486 1634 1557 ld
1655 1485 1897 1556 accidit
1932 1490 1997 1556 in
2016 1486 2184 1557 locis

219 1610 404 1657 terrae
425 1585 826 1656 latitudinem
843 1610 928 1672 90
947 1585 1257 1678 graduum
1282 1580 1663 1651 habentibus
1684 1637 1701 1661 ‚
1753 1577 1865 1650 sub
1906 1601 2184 1678 utroque

220 1682 414 1766 Polo,
431 1678 534 1751 seu
556 1681 800 1773 punistis
822 1680 950 1748 veri
972 1677 1439 1776 Septentrionis
1467 1680 1541 1743 &
1564 1673 1899 1745 Meridiei.'
2019 1694 2024 1702 ·

239 1779 428 1844 *Per
451 1773 776 1868 Sphaeram
815 1771 1146 1865 obliquam
1190 1768 1565 1863 intelligitur
1603 1771 1745 1840 talis
1782 1769 1919 1838 caeli
1945 1769 2182 1840 consti-
2206 1784 2242 1831 S
2270 1785 2373 1830 hm

219 1873 392 1961 tutio
417 1920 436 1950 ,
492 1870 555 1935 in
580 1890 705 2027 qua
727 1871 885 1934 Axis
909 1866 1126 1936 mundi
1163 1866 1523 1957 (horizonti
1542 1888 1747 1958 neque
1772 1863 1977 1933 rectus
1998 1921 2017 1945 ,
2070 1887 2186 1945 neq
2252 1851 2388 1910 ‘¹⁹⁸⁴‘

111 1990 114 1994 “
220 1967 350 2054 que
375 1959 608 2056 paralle
635 1983 704 2027 us
732 1956 1058 2053 )-oblique
1079 1960 1415 2030 inclinatur
1436 1957 1642 2028 versus
1666 1958 2035 2026 alterutrum
2059 1960 2190 2029 ho..

219 2052 722 2127 rizontislatus‚
761 2053 917 2120 utin
941 2054 1253 2124 ichemate
1289 2051 1549 2145 adjesto
1565 2054 1877 2121 cerniturae
1938 2051 2182 2123 Omnia

1129 2150 1324 2241 igitur
1344 2144 1608 2216 caelestia
1641 2167 1918 2238 corpora
1944 2198 1964 2230 ,
2008 2143 2183 2215 obli-

1129 2265 1288 2337 quas
1356 2246 1430 2309 &
1474 2242 1808 2336 inaequales
1873 2239 1955 2309 ad
2000 2241 2198 2330 hori-J

1130 2357 1392 2405 zontem
1480 2335 1713 2406 habent
1790 2331 2181 2406 ascensiones

1130 2454 1207 2499 ac
1249 2426 1703 2500 descensiones.
1771 2428 2182 2499 Ostenditur-

1129 2548 1260 2619 que
1350 2527 1415 2591 in
1483 2523 1691 2619 globo
1758 2522 1895 2592 haec
1956 2523 2181 2619 Sphae-

1129 2639 1214 2688 rae
1236 2615 1473 2713 pofitio
1503 2635 1526 2699 ,'
1571 2616 1832 2710 quando
1868 2619 2003 2683 axis
2035 2635 2191 2685 noni

1127 2710 1446 2782 incumbit
1492 2711 1821 2779 horizonti
1863 2764 1881 2787 ‚
1946 2729 2056 2777 aut
2101 2710 2191 2777 ad·

1131 2803 1399 2899 angulos
1444 2806 1652 2871 rectos
1696 2802 1776 2869 ad
1822 2822 1968 2869 eum
1990 2803 2186 2895 erigi-

1138 2919 1242 2968 tur
1264 2950 1284 2979 ‚
1339 2895 1443 2963 sed
1464 2896 1729 2988 oblique
1754 2919 1884 2963 uno
1903 2915 2010 2963 aut
2030 2894 2187 2966 alte-

243 3048 251 3057 ι
1141 3017 1218 3063 ro
1263 2989 1434 3061 Polo
1500 2994 1707 3069 ,verius
1772 2989 2192 3062 horizontem·

217 3102 477 3170 annuit-z
519 3121 654 3194 quo
690 3096 768 3167 fit
795 3092 1188 3188 utquantum
1214 3084 1529 3157 Pelorum
1577 3109 1734 3155 unus
1754 3083 1935 3179 supra
1955 3085 2186 3157 finito-·

216 3215 353 3262 rem
388 3193 702 3263 attollitur
718 3237 726 3244 ν
742 3193 825 3261 ab
852 3212 970 3259 una
995 3205 1172 3280 parte
1191 3237 1209 3269 ,
1259 3182 1430 3268 alter„
1452 3182 1536 3251 ab
1560 3180 1696 3251 -alia
1719 3201 1904 3278 parte*
1922 3200 2183 3267 tantun·-

111 3334 114 3336 ‡
216 3286 370 3355 dem
414 3284 806 3381 deprimatur
846 3283 1029 3352 infra.
1108 3283 1341 3349 Patent
1382 3277 2050 3370 autemstquentiaaex
2069 3274 2193 3345 tali:

205 3386 210 3390 ’
286 3380 401 3449 obi
435 3378 577 3450 fitu.‘
619 3388 668 3451 1.
697 3386 1122 3476 AEquatorem
1167 3396 1315 3441 cum
1351 3381 1594 3441 caeteris
1619 3370 1870 3441 circulis
1898 3422 1919 3454 ‚
1951 3370 2194 3464 lignis,-

213 3380 563 3565 filefflsque,
606 3475 872 3571 oblique
895 3467 1190 3541 scandere
1208 3466 1388 3561 supra
1416 3467 1819 3537 horizontem
1846 3463 1983 3547 J&
2005 3462 2195 3562 obli·

215 3580 347 3663 q'ue
395 3566 599 3635 rursus
621 3568 778 3638 infra
798 3566 1070 3641 eundern
1089 3564 1213 3633 labi
1234 3592 1260 3644 3
1311 3586 1441 3630 non
1458 3584 1611 3631 vero
1637 3562 1804 3629 recte
1828 3558 1910 3627 ad
1944 3581 2093 3626 eum
2118 3554 2190 3624 se-

215 3668 712 3757 com·ponere‚ut
731 3649 1070 3758 in'Spbaera
1094 3660 1287 3742 refi’ta3
1313 3675 1421 3727 aut
1442 3655 1754 3753 parallele,
1776 3672 1845 3722 ut
1867 3655 1933 3720 in
1954 3652 2180 3744 Spbae-

213 3782 285 3830 ra
322 3753 639 3855 parallela.
710 3763 813 3830 11.
864 3760 1112 3828 Omnes
1159 3752 1437 3915 cirCculos
1481 3750 1822 3845 AEquatori
1881 3750 2179 3905 utrinqqe

246 3891 252 3896 ·
332 3862 338 3869 '
446 3886 461 3895 -
1329 3868 1365 3937 5
1731 3892 1732 3898 ,
1970 3856 2177 3928 Ρειῐᾶε-
