2666 4469
435 155 567 247 ET
640 185 1173 249 nls‘rsstn
1239 183 1945 270 ctononM.
2124 199 2199 264 ιφ

302 283 588 378 Latitndo
628 280 941 354 stellarum
985 278 1076 352 est
1117 305 1304 353 arcus
1346 280 1723 355 semicirculi
1762 283 2195 382 longitudinis

263 400 335 449 er
367 376 606 449 stellam
646 376 823 447 duffl
852 429 873 463 ‚
911 380 1074 446 intra
1098 375 1342 448 stellam
1384 383 1459 447 δε
1478 378 1863 474 Eclipticam
1890 403 2194 476 compre-

217 402 439 545 Bensus
466 496 486 541 t
510 470 728 566 estque
748 469 1016 566 duplex,
1038 476 1281 542 Boreaelis
1303 474 1370 542 in
1388 471 1577 544 stellis
1604 495 1751 568 quae
1772 473 1857 544 ab
1874 473 2194 569 Ecliptica

215 567 526 733 recadunt
546 569 615 635 in
637 570 913 637 Boream
936 598 961 653 3
1007 566 1083 636 6⁶
1102 562 1396 658 Australis
1434 570 1503 639 in
1548 568 1628 639 iis
1650 589 1796 663 quae
1816 566 2091 641 tendunt
2123 571 2204 643 itt¹

215 665 318 732 Au
373 684 542 734 rum.
2185 698 2196 703 ·

834 859 1318 933 CAPVT
1422 862 1583 936 v1.

294 1022 430 1102 De
448 1044 667 1102 motu
694 1017 1014 1132 Sphaerae
1042 1021 1421 1103 stellarum
1445 1019 1753 1102 fixarum
1775 1029 2114 1138 proptio,

799 1140 1002 1213 circa
1022 1160 1239 1215 axem
1263 1132 1609 1214 Zodiaci.

339 1328 566 1401 Phaera
587 1324 902 1399 stellarum
921 1326 1197 1398 fixarum
1242 1327 1440 1424 (quae
1477 1331 1554 1397 δε
1572 1328 1776 1399 offla-va
1812 1325 2053 1398 dicitur
2088 1351 2193 1404 re-

221 1341 307 1495 S
328 1418 375 1495 s
438 1423 549 1494 ἃιι
582 1419 822 1518 septem
866 1423 1128 1494 orbium
1170 1423 1683 1503 Planetariorum
1770 1446 1891 1494 uos
1931 1422 2134 1494 ambit

213 1520 349 1613 dup
376 1521 463 1590 ici
499 1517 784 1592 volvitur
801 1538 1012 1588 motu·
1086 1519 1376 1599 Primus,
1419 1523 1678 1588 Disarnus
1763 1518 1924 1588 ictus
1952 1568 1976 1603 ‚
2008 1516 2086 1588 fit

215 1615 490 1685 Oriente
594 1636 626 1680 r
642 1612 992 1684 Meridiem
1011 1613 1079 1681 in
1095 1612 1532 1683 Occidentem
1560 1664 1582 1696 ,
1609 1615 1784 1682 circa
1801 1635 1987 1684 axem
2002 1636 2193 1683 mun-

213 1709 286 1778 di
311 1760 333 1792 ‚
379 1711 453 1776 &
476 1731 513 1776 a
563 1704 823 1779 solvitur
863 1706 1070 1801 spatio
1092 1710 1323 1804 viginti
1352 1726 1634 1802 quatuor
1651 1707 1956 1778 horarum
1979 1760 2003 1793 ‚
2044 1732 2192 1780 om-

215 1798 449 1896 nesque
476 1800 877 1873 Planetarum
899 1797 1171 1896 sphaeras
1213 1801 1424 1872 secum
1446 1800 1689 1898 abripit
1721 1825 1800 1873 ac
1822 1801 2194 1872 circumdu-

217 1900 334 1967 cit.
405 1895 635 1967 Prodit
673 1916 889 1966 autem
910 1920 992 1966 ex
1016 1895 1316 1967 sententia
1343 1893 1678 1967 Ptolemaei
1716 1897 1754 1967 ὲ
1776 1915 1963 1968 motu
1982 1898 2189 1980 Nonae,

215 2014 299 2062 ex
321 2006 537 2085 mente
558 1989 830 2060 aliorum
849 1996 1106 2060 Decimae
1133 2043 1155 2075 ‚
1200 2010 1311 2061 aut
1329 1992 1530 2060 etiam
1548 1981 1871 2061 Vndecinuie
1906 1989 2189 2085 sphaerae,

214 2102 368 2181 quae
388 2087 659 2154 Primum
678 2080 837 2153 solet
857 2082 1160 2179 appellari
1177 2084 1408 2157 Mobile
1426 2114 1448 2153 .-
1485 2085 1640 2155 licet
1679 2085 1941 2156 enimin
1964 2104 2193 2155 nume-⁵

215 2203 297 2251 ro
322 2177 432 2248 hic
452 2196 585 2248 non
603 2180 988 2250 conveniant
1007 2176 1285 2250 artifices
1310 2231 1333 2268 ,
1374 2176 1664 2251 obtinuit
1702 2197 1914 2252 tamen
1936 2176 2185 2251 dudum

215 2271 388 2371 apud
406 2291 637 2346 omnes
657 2329 680 2357 ,
728 2275 1015 2348 Primum
1055 2273 1302 2347 mobile
1346 2272 1596 2347 causam
1636 2271 1762 2346 effe
1782 2274 1940 2345 dicti
1960 2293 2187 2348 motus

215 2365 453 2441 diurni.

232 2452 241 2456 ’
303 2461 488 2533 Alter
506 2456 760 2559 sphaerae
781 2461 1055 2535 fixarum
1077 2482 1296 2533 motus
1317 2515 1342 2549 ‚
1382 2464 1675 2534 Secundus
1689 2463 1898 2536 dfflus
1945 2467 2024 2535 δε
2042 2466 2195 2536 Pla«

214 2575 476 2631 netarum
486 2564 735 2654 proprius
758 2610 780 2642 ,
802 2558 880 2627 fit
898 2561 965 2627 in
985 2560 1375 2628 contrariam
1394 2558 1650 2655 plagam
1671 2559 1914 2644 diurni,
1933 2560 2022 2629 ab
2043 2563 2194 2631 Oc·-

216 2650 473 2722 cidente
514 2653 580 2721 in
601 2651 943 2722 Orientem
969 2705 990 2738 ,
1026 2648 1210 2748 super
1227 2675 1349 2722 axe
1392 2657 1467 2720 δε
1489 2652 1664 2722 Polis
1689 2654 2022 2747 Eclipticae
2043 2684 2068 2738 3
2113 2658 2194 2723 a&

213 2769 295 2817 ex
332 2741 636 2818 sententia
664 2746 1006 2842 Tychonis
1027 2747 1274 2815 Brahaei
1320 2741 1671 2814 absolvitur
1705 2748 1886 2814 annis
1909 2767 2192 2835 254123
2238 2803 2246 2818 ,

215 2840 359 2935 post
379 2862 576 2936 quam
599 2860 911 2908 annorum
936 2838 1277 2933 periodum
1299 2838 1599 2908 reditura
1639 2838 1777 2907 sunt
1801 2836 1947 2906 fixae
1966 2838 2049 2907 ad
2095 2839 2195 2909 lo·-
2231 2870 2235 2874 ·

217 2949 295 3005 ca
315 2955 461 3030 quae
483 2936 658 3029 prius
677 2951 1102 3039 occuparunt.
1178 2934 1527 3023 Qoniam
1546 2951 1706 3003 vero
1735 2951 1953 3002 motus
1975 2930 2089 3003 iste
2107 2932 2195 3004 fi-

214 3047 440 3100 :mrum
464 3030 765 3125 proprius
801 3027 879 3098 ht
900 3024 1086 3122 super
1108 3026 1288 3097 Polis
1313 3024 1645 3120 Eclipticae
1664 3085 1686 3109 ,
1724 3024 1913 3097 facile
1927 3027 2079 3098 hinc
2095 3031 2195 3099 in-
2325 3095 2330 3101 .

186 3197 189 3200 ,
216 3122 525 3220 telligitur
551 3126 770 3218 primo
793 3176 813 3207 ,
837 3120 1077 3192 nullam
1093 3143 1199 3193 eas
1215 3119 1573 3191 latitudinis
1588 3125 2014 3194 mutationem
2039 3121 2192 3194 sub-

214 3221 340 3304 ire,
364 3218 470 3288 led
488 3217 912 3314 longitudinis
930 3235 1178 3287 tantum
1199 3270 1221 3304 ‚
1242 3236 1316 3287 ut
1494 3215 1750 3313 fingulis
1771 3221 2058 3290 centenis
2074 3241 2192 3288 ane
2229 3223 2230 3226 ’

214 3313 316 3383 nis
360 3312 628 3407 gradum
652 3329 884 3395 unum,
928 3313 1004 3379 δε
1023 3331 1111 3405 25
1138 3307 1366 3406 scrupu
1388 3334 1427 3380 a
1474 3312 1832 3388 conficiunt
1852 3367 1874 3395 ‚
1916 3309 2020 3385 sen
2043 3335 2190 3409 gra

213 3407 376 3477 dum
399 3409 713 3502 integrum
732 3410 914 3478 annis
937 3425 1026 3486 70
1052 3460 1073 3491 ‚
1098 3407 1326 3477 diebus
1347 3427 1511 3499 215.
1581 3406 1889 3479 Secundo
1905 3411 2191 3479 cernitur

212 3497 557 3572 discrimen
571 3502 898 3598 {ignorum
919 3501 1192 3575 Zodiaci
1212 3554 1232 3587 ‚
1275 3506 1352 3572 δε
1376 3497 2080 3573 Dodecatetnoriorum
2103 3504 2187 3571 E-

215 3595 503 3690 clipticae
526 3645 546 3679 ,
572 3594 700 3666 hoc
716 3596 808 3667 est
830 3650 849 3682 ,
871 3617 1068 3695 quare
1088 3600 1400 3693 imagines
1420 3599 1483 3667 in
1509 3594 1738 3668 Globo
1758 3595 2012 3681 caelesti,
2037 3617 2185 3691 quae

194 3690 590 3761 zodiacum
609 3689 997 3761 constituunt
1018 3742 1038 3775 ‚
1079 3715 1211 3762 non
1233 3694 1621 3764 conveniant
1637 3709 1787 3761 cum
1808 3689 2187 3761 Dodecate-

213 3787 447 3866 rnoriis
466 3814 494 3874 5
540 3778 650 3856 std
673 3787 856 3858 Aries
877 3788 1250 3886 migraverit
1268 3790 1337 3860 in
1358 3786 1981 3888 Dodecat‘emorium
2002 3786 2186 3945 'gau-

218 3925 225 3934 .
1910 3896 1988 3957 n,
2067 3895 2188 3946 au·
